2656 3770
434 298 698 364 Constantinopoieos
711 303 729 353 l.
745 303 766 354 Ι.

56 524 61 530 ,
136 473 177 515 stt
205 473 310 527 Agmina,
322 470 473 514 mutuavimus
485 471 619 514 ecciderunt
628 470 698 521 miliia
708 474 798 530 campis

204 526 282 575 Ferro,
295 524 387 567 inimica
398 531 479 573 tamen,
491 523 622 580 repletaque
634 531 693 567 terra
705 538 787 569 eruore
798 534 834 569 est

205 577 296 629 Hostili,
309 577 438 641 passimque
448 579 553 633 ingentes
565 578 652 634 stragis
663 580 748 622 acervi.

204 633 237 674 Ac
248 632 292 674 nisi
304 644 461 686 magnanimus
472 631 569 680 nimium,
581 643 720 687 praecepsve
731 632 814 676 suisset

187 726 189 729 ,
204 684 252 726 Rex
263 684 366 734 Lasiaus,
378 683 417 727 itta
427 684 513 727 nostris
525 685 621 727 victoria
631 683 681 727 iuee

136 739 177 779 220
205 737 271 780 Portu
282 744 344 780 erut:
357 738 441 780 attritis
449 739 495 793 jam
506 738 594 780 viribus
605 737 679 780 bostis
691 737 753 780 abire

204 790 228 833 ln
247 803 274 832 ue
284 790 359 845 fugam
370 791 424 833 dare
435 804 459 833 se
470 790 539 834 corde
550 791 679 846 trepidabat
690 791 771 834 acerbo

205 803 301 886 Vtflnere
312 843 443 886 coniectus:
456 857 505 886 cunr
517 857 557 886 rex
565 845 599 886 sic
611 844 670 887 fatus
682 844 709 886 ab
720 845 766 887 aito

204 896 396 959 Hortatursocias
407 910 504 953 pugnum
516 898 644 960 instaurare
654 896 760 961 cohortes
769 914 782 962 ιΙ

136 1002 176 1043 es
204 948 859 1060 abditu.‘¹tbtttsttttttf”tsfftttttttt,tas

203 1056 279 1098 Fatum
292 1070 373 1111 urgere
385 1063 471 1112 putant,
481 1056 540 1099 valio
551 1069 593 1099 nec
604 1069 672 1112 posse
681 1058 751 1100 teneri
894 1104 897 1109 p

204 1109 308 1165 Speraut.
333 1109 379 1152 Sub
391 1116 478 1152 noctem
489 1110 585 1165 fugient,
597 1110 708 1166 uobisque
718 1110 848 1165 relinquent

203 1163 266 1205 Hunc
276 1161 364 1204 laudem
375 1162 508 1217 ambiguam.
538 1162 629 1218 Culpam
642 1162 700 1205 banc
712 1163 733 1205 iu
751 1164 824 1205 iamus
835 1163 921 1205 inertes

203 1216 236 1258 Ne
247 1215 300 1257 victi
313 1215 356 1257 effu
375 1215 429 1264 iant,
442 1215 580 1270 trepidantes
592 1215 641 1257 dum
655 1229 725 1271 pavor
736 1176 818 1267 bausit,

134 1267 176 1308 230
203 1267 319 1310 instemus.
369 1266 440 1309 aliduc
452 1268 517 1309 nobis
525 1268 575 1309 dum
587 1274 679 1321 pectore
691 1269 764 1320 vires;

204 1320 259 1362 Dum
271 1319 398 1375 ferrumque
409 1319 475 1368 calet,
488 1319 577 1374 gladios
589 1332 617 1361 ne
628 1321 717 1374 tergite,
729 1321 801 1364 donec

202 1373 314 1414 Moruttus
325 1371 371 1413 dux
382 1372 431 1427 ipse
442 1372 515 1422 cadat,
527 1378 560 1414 tot
570 1370 638 1413 miilia
649 1371 694 1414 leto

203 1425 313 1467 Misimus.
344 1424 385 1466 ttte
396 1431 502 1479 superest
512 1424 648 1468 tundendos.
676 1424 773 1467 Maxima
784 1423 850 1467 nobis

205 1477 266 1519 Haec
277 1477 369 1520 virtutis
381 1477 445 1519 adest
454 1476 512 1526 laus,
523 1476 580 1520 hoec
590 1478 688 1520 victoria
699 1484 761 1520 certa

134 1531 175 1571 235
204 1530 228 1573 st
239 1536 353 1573 sectamur
362 1530 431 1573 erit.“
461 1531 529 1581 Dixit,
541 1531 672 1587 primusque
682 1532 753 1573 citato

204 1581 287 1626 Tendit
296 1595 354 1638 equo
365 1584 392 1625 ad
403 1584 514 1626 Teucrum
525 1584 614 1634 vatium,
625 1596 689 1639 quem
701 1583 766 1627 turba
776 1589 855 1627 secuta
864 1590 900 1626 est
934 1614 939 1619 .

203 1634 268 1679 Tunc
278 1649 395 1692 procerum
407 1636 501 1687 deiecta,
513 1638 593 1679 animis
605 1637 701 1694 telisque
711 1643 791 1693 parata

203 1689 242 1732 Vei
254 1702 327 1744 regem
339 1689 428 1732 salvare
436 1703 508 1741 suuni,
519 1691 655 1747 penitusque
664 1697 778 1747 perempto

203 1742 272 1785 Hoste
283 1742 357 1786 redire
367 1743 445 1793 duces,
456 1744 491 1786 vel
503 1750 585 1786 rertanr
596 1751 703 1801 oppetere
714 1751 812 1787 mortem.

134 1795 176 1837 2⁴0
242 1796 352 1839 Morattus
363 1795 449 1852 procul,
462 1804 487 1839 ut
496 1810 550 1839 vcro
561 1798 683 1853 conspexit
693 1798 720 1839 ad
731 1798 803 1846 ipsum

202 1848 339 1899 Tendentes,
349 1851 457 1903 cognovit
466 1851 525 1892 eninr
536 1863 560 1892 se
570 1851 682 1904 sanguine
693 1851 765 1905 posci,

203 1900 325 1957 Obstupuit
335 1903 415 1959 primo,
427 1903 560 1959 tremuitque
571 1909 595 1944 ut
606 1910 676 1945 morto
687 1904 821 1959 propinqua.

200 1954 248 1997 Nec
258 1962 345 2011 tenpus
356 1956 410 2010 quid
421 1960 474 2010 agat
484 1956 601 1998 concessit
611 1962 699 1998 vertere
710 1957 785 2004 menti,
810 1981 814 1990 .

204 2006 373 2064 Consiliumque
384 2009 442 2064 capi.
474 2009 548 2063 Fugit,
560 2008 672 2064 longeque
683 2008 786 2051 recessit.

134 2059 175 2100 att
203 2059 359 2118 Opposuitque
370 2062 413 2103 sibi
426 2062 518 2117 primum
529 2067 652 2117 exceptura
664 2060 762 2102 fororem

201 2113 297 2168 Agmina
309 2114 378 2170 prima
390 2115 476 2164 iocans,
488 2115 570 2156 Teucri
582 2113 686 2156 custodio
697 2126 786 2169 semper

202 2165 271 2262 Susis
282 2167 386 2209 mandata
395 2168 460 2210 ducis
472 2168 552 2216 iuerat,
564 2179 694 2222 corpusque
705 2179 791 2208 corone

220 2220 298 2282 ingere
310 2221 450 2264 commissum
461 2227 497 2263 cst
507 2221 598 2270 domini,
611 2219 706 2276 telisque
718 2221 774 2262 tueri
784 2231 789 2268 ς

201 2273 365 2329 ianrzarosque
376 2280 471 2317 verunt:
484 2273 577 2316 Graecis
587 2272 730 2328 genitoribus
740 2272 793 2322 orti,

133 2326 175 2367 Ἀθ
203 2326 319 2381 Sanguine
329 2325 365 2368 vei
375 2327 497 2377 Macetum,
509 2325 630 2376 Thracum,
642 2325 779 2382 Dolopumve
790 2321 901 2403 superbo3

202 2377 326 2431 Tbessaia;
337 2379 372 2421 vet
384 2379 448 2422 tellus
459 2392 517 2435 quos
528 2380 572 2427 dut,
584 2378 618 2421 rei
631 2377 730 2433 Pyrrhea
742 2390 823 2433 regnu.

202 2432 285 2495 Epirus
297 2433 389 2488 (purior)
401 2445 461 2475 arma
472 2433 550 2474 fovent
559 2432 659 2482 inimica,
673 2433 795 2488 'uruntque

202 2485 273 2538 Signa
284 2498 398 2540 peremne
409 2485 473 2528 nefas
484 2486 603 2535 Teucrum,
616 2497 657 2527 nec
667 2446 765 2527 barbara
776 2488 871 2540 possent

203 2539 269 2580 Arma
281 2537 374 2594 aliquid,
385 2539 404 2581 si
417 2551 460 2581 nou
473 2539 515 2580 sibi
527 2538 598 2581 robur
608 2537 677 2581 uriiite
689 2538 727 2580 tati

133 2591 174 2631 255
203 2590 340 2641 praestetur,
352 2592 491 2648 perdantque
501 2599 577 2647 patres
587 2604 628 2633 sun
638 2605 691 2634 caru
707 2590 829 2648 quotannis

205 2643 301 2699 Pignora
314 2652 424 2690 notorum.
435 2644 553 2700 lectosque
563 2645 590 2686 ad
604 2644 690 2700 proelia
702 2646 798 2686 mittant.

243 2697 268 2738 tti
282 2703 324 2740 tutu
336 2699 443 2740 continuo
454 2700 548 2740 crebros
559 2699 684 2741 densantur
694 2698 717 2739 in
727 2696 804 2747 orbes,

201 2748 370 2806 inpediuntque
382 2752 438 2793 viam
448 2753 504 2806 regi,
525 2764 615 2794 cursum
634 2757 795 2793 uenerantur.

202 2802 237 2845 Tit
248 2804 365 2859 strepitus,
377 2803 506 2860 clamorque
517 2805 596 2855 virum,
608 2764 748 2858 ciangorque
759 2801 868 2844 tuberum.

131 2856 174 2896 ato
201 2855 305 2920 Undique
316 2856 552 2912 concurrunteeieres
561 2857 666 2907 clamore,
678 2856 798 2910 [eruntque

201 2909 315 2952 Auxilium
326 2909 408 2952 Teucri
420 2911 524 2952 biorutto.
556 2910 664 2952 Fervidus
676 2909 710 2950 ira

202 2960 305 3012 Lasluus,
318 2961 385 3005 veluti
397 2969 497 3005 armenta
508 2964 568 3005 inter
578 2961 645 3004 fortia
656 2961 714 3003 saitu

201 3013 277 3066 irruit,
290 3023 356 3072 atque
367 3015 429 3058 viros
439 3028 535 3071 magnus
544 3015 587 3061 leo.
598 3021 621 3057 et
630 3026 691 3057 arma
701 3018 795 3055 cruento

202 3065 246 3110 Ore
257 3070 320 3125 petit,
332 3069 399 3126 rapit,
412 3075 478 3125 atque
489 3080 560 3122 agens
571 3068 689 3109 interritus
699 3077 784 3113 omues,

163 3133 276 3182 'bonitium
288 3140 322 3183 ΙΙΙ.
881 3138 908 3187 Π
