2656 3770
362 275 630 342 constantinopoleos
638 278 715 328 ttlv.

154 451 269 496 Straetam
280 451 435 507 limtiaopaa,
447 450 567 507 salsasque
577 449 670 497 intorsit
680 450 702 494 in
713 450 793 497 andus.

154 505 213 548 Eece
225 503 285 547 aliud
297 504 396 557 stridens
407 517 451 546 non
461 514 532 560 aequo
544 503 643 560 pondere
653 516 731 546 auxum

153 558 242 601 Decidit
252 559 275 601 in
287 564 382 613 portura,
394 564 416 599 et
427 559 508 614 puppis
518 557 589 600 latera
602 556 672 599 ardua
682 557 784 603 strinxit.

85 611 125 654 tau
152 612 199 655 Nee
210 625 283 654 mora:
301 624 394 667 aratoque
405 611 449 653 duo
461 611 582 655 adstabant
591 617 716 653 tormenta:
733 617 834 657 seruiunt

152 664 269 707 lnl'remuit
279 677 365 712 saxum.
377 664 516 720 mediumque
527 664 644 706 intercidit
654 663 712 706 altas

152 718 240 769 Naves;
253 724 274 760 at
286 716 366 761 nullam
378 718 514 772 contingens
525 717 635 771 mergitur
645 717 720 765 undis.

151 771 207 814 'l'um
218 783 272 814 aero
283 771 396 828 trepidare
408 777 475 819 rates.
487 770 602 827 solamque
612 777 713 813 ortanam

153 824 270 873 Deserere,
282 837 308 866 no
320 823 390 867 uulsis
402 824 467 867 aneis
478 824 505 866 ad
517 823 612 874 maenia,
623 829 647 866 et
657 822 714 865 altas

42 915 45 921 .
86 877 126 918 000
153 877 182 920 Se
193 875 285 920 Galatae
296 877 397 920 referant
408 878 477 934 ripas,
490 890 597 933 muroque
608 884 725 932 regnatur.

153 930 197 974 Sed
209 942 253 972 aon
264 930 351 975 ideirco
360 930 442 973 'leuari
456 937 560 987 torquere
570 930 612 974 suli
624 931 687 986 ipsos

152 983 271 1026 Desistant
281 997 368 1026 muros:
386 981 482 1040 aliquam
494 984 512 1026 si
528 997 630 1038 mergere
640 984 720 1026 dextrd

152 1035 219 1080 Sorte
230 1037 296 1079 datar
304 1038 402 1093 puppim.
433 1036 524 1081 Galatae
534 1050 603 1093 anper
619 1038 668 1093 ipsa
680 1037 795 1080 «lemarum

152 1089 260 1140 Calatina,
271 1090 321 1132 dum
333 1092 393 1132 vires
405 1103 449 1132 non
460 1090 547 1133 sailioit
557 1092 652 1146 impetus
663 1089 708 1132 illis

83 1142 124 1183 505
151 1143 212 1187 Saxa
222 1143 305 1185 eadunt
315 1156 391 1198 pacem
401 1145 504 1198 quamuis
515 1150 568 1187 tuoe
580 1144 629 1206 ipsa
641 1150 728 1186 teneret

152 1195 204 1240 Cum
215 1196 272 1238 duee
284 1196 417 1239 Maehnaetto
428 1196 513 1250 patitur
523 1196 654 1238 disornnina
665 1194 726 1238 belli.

192 1249 235 1292 Sed
248 1248 278 1290 l’lt
307 1261 349 1302 ¹pes
361 1249 440 1289 iratum
451 1261 529 1291 nurnen
542 1260 635 1291 sensere
645 1248 781 1302 benignum:

150 1302 221 1346 Navis
231 1307 280 1343 erat
311 1301 401 1350 enuina,
414 1300 483 1342 malas
494 1301 614 1345 Conturius
625 1299 648 1342 iu
659 1305 702 1356 qut

153 1355 252 1395 Vexerat
262 1354 285 1396 iu
296 1366 389 1395 meroem
402 1353 505 1395 dominus
517 1354 559 1394 vim
572 1353 688 1394 maximam
699 1351 754 1394 olivi

83 1406 125 1448 810
152 1405 292 1456 Barnabeus,
306 1405 478 1499 Phrygibusque
487 1404 540 1467 illud
553 1404 686 1449 vendiderat
696 1418 760 1468 auro,

173 1472 202 1502 uo
213 1464 322 1501 tormenta
333 1471 380 1510 apat
393 1471 444 1500 onor
452 1464 513 1500 entra
524 1465 657 1513 spargeret;
669 1465 691 1503 ut
702 1471 737 1501 stu

153 1459 202 1555 lloo
212 1512 321 1567 adspersa
332 1512 391 1554 ietus
401 1510 512 1566 duplices,
523 1512 684 1574 geminataque
693 1512 783 1557 mittant

152 1564 256 1607 Pondere
264 1577 369 1608 saxorum
381 1565 403 1607 ia
415 1577 498 1614 muros,
508 1566 622 1620 eatiaaqare
631 1566 718 1608 ruinam

153 1618 261 1661 Hostibus
273 1624 370 1674 optatam
382 1617 475 1669 leniant,
488 1618 617 1674 aditumque
627 1624 748 1674 patentem.

84 1671 125 1713 ets
152 1673 236 1725 sadum
247 1684 321 1723 anum,
333 1684 370 1717 res
380 1672 435 1714 mira
444 1672 532 1727 quidem
559 1678 661 1727 pstquam
672 1672 730 1714 exiit
739 1677 812 1714 aetum

150 1727 210 1767 Aera
221 1737 261 1781 per
269 1723 386 1821 liquidam,
398 1725 473 1771 subita
484 1738 508 1767 se
521 1684 578 1767 tollit
590 1725 611 1766 in
623 1737 699 1776 auras,

151 1778 180 1821 llt
189 1784 251 1820 recto
263 1791 292 1820 atu
309 1791 333 1820 es
343 1781 425 1821 densas
436 1777 509 1820 celere
520 1778 609 1833 agmine
618 1778 708 1828 transit,

151 1826 233 1888 lmpele
242 1844 287 1874 non
298 1831 349 1881 alio¹
361 1843 406 1886 quo
417 1830 479 1877 coelo
491 1830 573 1874 lulaaeu
584 1831 612 1872 ab
623 1829 668 1873 alto

153 1884 305 1940 Praecipltpt3
318 1891 404 1940 posiae
415 1884 505 1927 eunetis
516 1883 663 1927 cernentibus
675 1884 753 1939 ipsam.

82 1937 125 1978 000
152 1937 213 2033 guae
224 1939 318 1994 propior
327 1937 400 1980 statar
413 1937 475 1994 ripae
485 1936 588 2032 relippata,
600 1937 687 1991 petivit.

169 1992 267 2034 eroussit
277 1990 414 2046 mediamque
424 1996 500 2032 rateto.
543 1988 641 2031 'abulata
652 1989 732 2035 solutis

152 2044 269 2088 iuncturis
280 2057 382 2087 cessere:
400 2045 455 2100 petit
464 2043 555 2085 landam
567 2055 638 2098 usque
649 2044 749 2092 carinae,

152 2097 180 2140 llt
189 2097 270 2152 tregia:
286 2098 384 2153 disiecta
395 2098 451 2138 ratis
463 2094 529 2141 simul
540 2096 624 2152 accipit
634 2095 714 2145 undas,

151 2150 263 2205 Mergitur
272 2158 296 2194 et
306 2158 375 2207 ponto
386 2166 390 2191 :
408 2153 515 2205 rastrique
527 2150 637 2203 uoragine
648 2161 726 2191 saxam

81 2204 125 2245 tat
152 2203 312 2268 Consequitur.
343 2202 437 2246 l’laasas
448 2204 523 2245 atratino
534 2209 568 2244 est
581 2202 686 2257 utrinque
696 2205 798 2244 secutus.

152 2255 302 2299 Christicolae
315 2258 395 2299 'ustum
407 2256 547 2298 conclamant
560 2267 649 2301 numen,
660 2261 681 2297 et
690 2254 737 2297 iras

151 2309 229 2352 lustau
239 2322 290 2352 esne
300 2270 344 2360 alet,
356 2311 482 2365 (ligneaque
493 2309 584 2351 dedisse
596 2308 695 2350 latentur

154 2362 282 2405 Centuriam
292 2376 390 2418 poenas;
403 2375 535 2420 quamquam
545 2363 631 2417 majora
642 2361 760 2416 supersint

152 2414 236 2458 Bouana
248 2414 340 2458 homini.
370 2417 439 2459 Notas
451 2424 549 2465 teneras,
562 2427 690 2471 parvasque
701 2412 790 2470 puellas

78 2469 125 2512 53⁰
153 2468 207 2510 Dum
219 2467 274 2510 clara
286 2469 404 2524 subripere
415 2476 517 2519 attentat,
530 2469 590 2524 rapit
602 2469 649 2524 ipse
660 2467 773 2523 superbus

152 2521 300 2564 lllaehmottaa
311 2522 392 2572 vietor,
401 2523 484 2577 praedat
495 2522 623 2577 gaudetque
633 2522 727 2577 potitus.

192 2573 279 2616 interea
291 2574 337 2616 dux
348 2576 396 2630 ipae
409 2575 529 2630 rumpam,
542 2574 663 2630 pronibere
673 2580 774 2616 catenam

154 2626 183 2670 llt
193 2627 254 2669 ridet
265 2642 276 2667 a
288 2635 354 2682 portu
365 2628 467 2678 elaeon,
478 2636 501 2670 et
512 2627 577 2670 sirarul
588 2628 647 2671 ostia
658 2626 732 2670 claudi

153 2680 261 2722 Custodia
271 2678 347 2722 Italam
360 2681 460 2723 rutilans:
479 2688 544 2737 putat
554 2688 602 2723 arte
612 2693 653 2736 per
663 2679 722 2722 altos

78 2735 126 2778 535
153 2733 241 2776 llloates
250 2734 272 2774 in
282 2740 369 2789 portum
383 2734 500 2776 Persarum
511 2733 613 2789 exenrpla
622 2739 715 2777 secutus

154 2786 223 2839 Regia
234 2784 366 2835 transiet-re,
378 2793 445 2843 atque
456 2799 500 2828 aaa
511 2794 659 2829 consternere
671 2782 764 2828 l‘ontuoa

154 2840 224 2882 Ponte
232 2845 402 2894 superstructo:
418 2847 440 2880 at
451 2852 535 2889 cuneos
547 2839 699 2880 transmittere
710 2838 780 2879 sireis

153 2893 197 2950 lpsl
209 2892 259 2936 arbi
272 2891 366 2947 pentina
378 2893 483 2935 torridum
494 2905 563 2946 saper
574 2896 691 2945 aequaret
702 2891 780 2933 untias.

153 2946 250 2989 ltrrxetu
262 2945 319 2987 lama
329 2945 392 2986 canit
402 2945 512 3001 quondam
524 2944 635 2986 strauisse
646 2942 773 2985 frementem

78 3001 126 3045 eto
154 2998 293 3054 Hellesponti
299 3010 360 3040 acum
372 3004 471 3053 pontum,
485 3003 507 3038 ot
513 2996 620 3052 junxisse
630 2996 754 3057 reJuaotaaa

156 3054 225 3096 l’oate
237 3054 312 3095 Asiana
324 3051 435 3107 Europae,
447 3050 517 3093 slecis
529 3055 595 3105 atque
605 3061 694 3102 apmrnu
704 3045 789 3104 plantis
