<?xml version="1.0" encoding="UTF-8"?>
<!DOCTYPE html PUBLIC "-//W3C//DTD XHTML 1.0 Transitional//EN"
    "http://www.w3.org/TR/xhtml1/DTD/xhtml1-transitional.dtd">
<html xmlns="http://www.w3.org/1999/xhtml" xml:lang="en" lang="en">
 <head>
  <title>
</title>
<meta http-equiv="Content-Type" content="text/html;charset=utf-8" />
  <meta name='ocr-system' content='tesseract 3.04.00' />
  <meta name='ocr-capabilities' content='ocr_page ocr_carea ocr_par ocr_line ocrx_word'/>
</head>
<body>
  <div class='ocr_page' id='page_1' title='image "./thrnostsknstant00puscgoog_0430.png"; bbox 0 0 2656 3770; ppageno 0'>
   <div class='ocr_carea' id='block_1_1' title="bbox 612 294 915 348">
    <p class='ocr_par' dir='ltr' id='par_1_1' title="bbox 612 294 915 348">
     <span class='ocr_line' id='line_1_1' title="bbox 612 294 915 348; baseline -0.023 1"><span class='ocrx_word' id='word_1_1' title='bbox 612 336 615 343; x_wconf 86' lang='lat'>.</span> <span class='ocrx_word' id='word_1_2' title='bbox 679 296 797 348; x_wconf 79' lang='lat' dir='ltr'><strong>Uberuai</strong></span> <span class='ocrx_word' id='word_1_3' title='bbox 810 294 915 345; x_wconf 80' lang='lat' dir='ltr'><strong>Paeonii</strong></span> 
     </span>
    </p>
   </div>
   <div class='ocr_carea' id='block_1_2' title="bbox 341 467 1088 1644">
    <p class='ocr_par' dir='ltr' id='par_1_2' title="bbox 341 467 1088 1644">
     <span class='ocr_line' id='line_1_2' title="bbox 409 467 1010 531; baseline -0.02 -13"><span class='ocrx_word' id='word_1_4' title='bbox 409 474 471 530; x_wconf 84' lang='lat' dir='ltr'><strong>Quae</strong></span> <span class='ocrx_word' id='word_1_5' title='bbox 481 474 568 531; x_wconf 80' lang='lat' dir='ltr'><strong>lapides</strong></span> <span class='ocrx_word' id='word_1_6' title='bbox 580 478 686 530; x_wconf 69' lang='lat' dir='ltr'><strong>torquem</strong></span> <span class='ocrx_word' id='word_1_7' title='bbox 694 468 783 512; x_wconf 76' lang='lat' dir='ltr'><strong>inmani</strong></span> <span class='ocrx_word' id='word_1_8' title='bbox 795 467 895 524; x_wconf 81' lang='lat' dir='ltr'><strong>pomiera</strong></span> <span class='ocrx_word' id='word_1_9' title='bbox 905 471 983 508; x_wconf 76' lang='lat' dir='ltr'><strong>uastos</strong></span> <span class='ocrx_word' id='word_1_10' title='bbox 1005 510 1010 517; x_wconf 67' lang='grc'><em>,</em></span> 
     </span>
     <span class='ocr_line' id='line_1_3' title="bbox 409 520 989 583; baseline -0.021 -12"><span class='ocrx_word' id='word_1_11' title='bbox 409 529 433 571; x_wconf 91' lang='lat' dir='ltr'><strong>ln</strong></span> <span class='ocrx_word' id='word_1_12' title='bbox 445 539 528 579; x_wconf 83' lang='lat' dir='ltr'><strong>muros,</strong></span> <span class='ocrx_word' id='word_1_13' title='bbox 540 535 660 583; x_wconf 85' lang='lat' dir='ltr'><strong>turresque</strong></span> <span class='ocrx_word' id='word_1_14' title='bbox 672 524 736 573; x_wconf 82' lang='lat' dir='ltr'><strong>altas,</strong></span> <span class='ocrx_word' id='word_1_15' title='bbox 750 528 773 565; x_wconf 95' lang='lat' dir='ltr'><strong>et</strong></span> <span class='ocrx_word' id='word_1_16' title='bbox 782 520 878 563; x_wconf 82' lang='lat' dir='ltr'><strong>moenia.</strong></span> <span class='ocrx_word' id='word_1_17' title='bbox 907 520 989 573; x_wconf 73' lang='lat' dir='ltr'><strong>blagno</strong></span> 
     </span>
     <span class='ocr_line' id='line_1_4' title="bbox 341 573 1088 678; baseline -0.019 -51"><span class='ocrx_word' id='word_1_18' title='bbox 341 585 382 627; x_wconf 75' lang='lat' dir='ltr'><strong>stc</strong></span> <span class='ocrx_word' id='word_1_19' title='bbox 409 582 472 678; x_wconf 63' lang='grc'><strong>3010</strong></span> <span class='ocrx_word' id='word_1_20' title='bbox 483 594 496 623; x_wconf 89' lang='lat' dir='ltr'><strong>a</strong></span> <span class='ocrx_word' id='word_1_21' title='bbox 506 582 582 624; x_wconf 86' lang='lat' dir='ltr'><strong>sonitu</strong></span> <span class='ocrx_word' id='word_1_22' title='bbox 592 586 658 636; x_wconf 86' lang='lat' dir='ltr'><strong>atque</strong></span> <span class='ocrx_word' id='word_1_23' title='bbox 668 578 749 620; x_wconf 76' lang='lat' dir='ltr'><strong>artiore</strong></span> <span class='ocrx_word' id='word_1_24' title='bbox 760 580 843 616; x_wconf 82' lang='lat' dir='ltr'><strong>vocant</strong></span> <span class='ocrx_word' id='word_1_25' title='bbox 852 573 1000 615; x_wconf 78' lang='lat' dir='ltr'><strong>comnaattar</strong></span> <span class='ocrx_word' id='word_1_26' title='bbox 1008 580 1088 615; x_wconf 72' lang='lat' dir='ltr'><strong>omes</strong></span> 
     </span>
     <span class='ocr_line' id='line_1_5' title="bbox 429 626 1023 684; baseline -0.019 -8"><span class='ocrx_word' id='word_1_27' title='bbox 429 634 557 684; x_wconf 74' lang='lat' dir='ltr'><strong>amburens,</strong></span> <span class='ocrx_word' id='word_1_28' title='bbox 570 633 669 676; x_wconf 84' lang='lat' dir='ltr'><strong>Romana</strong></span> <span class='ocrx_word' id='word_1_29' title='bbox 679 636 747 673; x_wconf 88' lang='lat' dir='ltr'><strong>ruant</strong></span> <span class='ocrx_word' id='word_1_30' title='bbox 755 640 814 684; x_wconf 84' lang='lat' dir='ltr'><strong>quae</strong></span> <span class='ocrx_word' id='word_1_31' title='bbox 824 626 910 669; x_wconf 79' lang='lat' dir='ltr'><strong>moenia</strong></span> <span class='ocrx_word' id='word_1_32' title='bbox 921 626 1023 681; x_wconf 77' lang='lat' dir='ltr'><strong>palmum,</strong></span> 
     </span>
     <span class='ocr_line' id='line_1_6' title="bbox 409 677 1037 744; baseline -0.021 -13"><span class='ocrx_word' id='word_1_33' title='bbox 409 688 468 731; x_wconf 78' lang='lat' dir='ltr'><strong>&#39;l&#39;res</strong></span> <span class='ocrx_word' id='word_1_34' title='bbox 478 688 556 744; x_wconf 83' lang='lat' dir='ltr'><strong>posuit</strong></span> <span class='ocrx_word' id='word_1_35' title='bbox 565 698 665 739; x_wconf 70' lang='lat' dir='ltr'><strong>magnas.</strong></span> <span class='ocrx_word' id='word_1_36' title='bbox 694 683 756 725; x_wconf 90' lang='lat' dir='ltr'><strong>luter</strong></span> <span class='ocrx_word' id='word_1_37' title='bbox 765 692 821 737; x_wconf 88' lang='lat' dir='ltr'><strong>quas</strong></span> <span class='ocrx_word' id='word_1_38' title='bbox 830 680 924 721; x_wconf 77' lang='lat' dir='ltr'><strong>maxima</strong></span> <span class='ocrx_word' id='word_1_39' title='bbox 935 677 1015 734; x_wconf 72' lang='lat' dir='ltr'><strong>puluis</strong></span> <span class='ocrx_word' id='word_1_40' title='bbox 1032 696 1037 704; x_wconf 80' lang='grc'><em>·</em></span> 
     </span>
     <span class='ocr_line' id='line_1_7' title="bbox 410 734 932 798; baseline -0.023 -14"><span class='ocrx_word' id='word_1_41' title='bbox 410 742 525 798; x_wconf 80' lang='lat' dir='ltr'><strong>Expansis</strong></span> <span class='ocrx_word' id='word_1_42' title='bbox 536 741 619 783; x_wconf 84' lang='lat' dir='ltr'><strong>cirrum</strong></span> <span class='ocrx_word' id='word_1_43' title='bbox 630 738 665 781; x_wconf 88' lang='lat' dir='ltr'><strong>bis</strong></span> <span class='ocrx_word' id='word_1_44' title='bbox 676 737 738 779; x_wconf 87' lang='lat' dir='ltr'><strong>aenis</strong></span> <span class='ocrx_word' id='word_1_45' title='bbox 751 734 850 777; x_wconf 79' lang='lat' dir='ltr'><strong>aatvuar</strong></span> <span class='ocrx_word' id='word_1_46' title='bbox 859 744 932 788; x_wconf 87' lang='lat' dir='ltr'><strong>aequa</strong></span> 
     </span>
     <span class='ocr_line' id='line_1_8' title="bbox 411 786 895 837; baseline -0.021 -1"><span class='ocrx_word' id='word_1_47' title='bbox 411 795 472 837; x_wconf 79' lang='lat' dir='ltr'><strong>Saxa</strong></span> <span class='ocrx_word' id='word_1_48' title='bbox 484 795 538 836; x_wconf 83' lang='lat' dir='ltr'><strong>‘neit</strong></span> <span class='ocrx_word' id='word_1_49' title='bbox 548 792 659 836; x_wconf 86' lang='lat' dir='ltr'><strong>volvenda</strong></span> <span class='ocrx_word' id='word_1_50' title='bbox 667 789 731 832; x_wconf 75' lang='lat' dir='ltr'><strong>morlo</strong></span> <span class='ocrx_word' id='word_1_51' title='bbox 742 786 843 831; x_wconf 83' lang='lat' dir='ltr'><strong>velocius</strong></span> <span class='ocrx_word' id='word_1_52' title='bbox 853 786 895 827; x_wconf 87' lang='lat' dir='ltr'><strong>atis</strong></span> 
     </span>
     <span class='ocr_line' id='line_1_9' title="bbox 342 837 1023 894; baseline -0.021 -2"><span class='ocrx_word' id='word_1_53' title='bbox 342 849 384 892; x_wconf 70' lang='lat'><strong>25⁰</strong></span> <span class='ocrx_word' id='word_1_54' title='bbox 413 848 522 891; x_wconf 81' lang='lat' dir='ltr'><strong>Fulminis</strong></span> <span class='ocrx_word' id='word_1_55' title='bbox 533 859 559 888; x_wconf 86' lang='lat' dir='ltr'><strong>ae</strong></span> <span class='ocrx_word' id='word_1_56' title='bbox 571 846 668 887; x_wconf 85' lang='lat' dir='ltr'><strong>tonitrus</strong></span> <span class='ocrx_word' id='word_1_57' title='bbox 679 843 785 890; x_wconf 82' lang='lat' dir='ltr'><strong>sonitum,</strong></span> <span class='ocrx_word' id='word_1_58' title='bbox 791 837 899 894; x_wconf 80' lang='lat' dir='ltr'><strong>eoelique</strong></span> <span class='ocrx_word' id='word_1_59' title='bbox 910 838 1023 892; x_wconf 75' lang='lat' dir='ltr'><strong>fragorem</strong></span> 
     </span>
     <span class='ocr_line' id='line_1_10' title="bbox 411 889 1044 954; baseline -0.022 -10"><span class='ocrx_word' id='word_1_60' title='bbox 411 901 463 944; x_wconf 82' lang='lat' dir='ltr'><strong>Cuia</strong></span> <span class='ocrx_word' id='word_1_61' title='bbox 473 906 536 942; x_wconf 90' lang='lat' dir='ltr'><strong>tonat</strong></span> <span class='ocrx_word' id='word_1_62' title='bbox 543 909 692 954; x_wconf 80' lang='lat' dir='ltr'><strong>exsuperans.</strong></span> <span class='ocrx_word' id='word_1_63' title='bbox 722 896 825 950; x_wconf 85' lang='lat' dir='ltr'><strong>&#39;Presque</strong></span> <span class='ocrx_word' id='word_1_64' title='bbox 833 893 894 934; x_wconf 87' lang='lat' dir='ltr'><strong>inter</strong></span> <span class='ocrx_word' id='word_1_65' title='bbox 905 890 980 932; x_wconf 85' lang='lat' dir='ltr'><strong>iianina</strong></span> <span class='ocrx_word' id='word_1_66' title='bbox 990 889 1044 932; x_wconf 79' lang='lat' dir='ltr'><strong>bina</strong></span> 
     </span>
     <span class='ocr_line' id='line_1_11' title="bbox 412 946 950 1005; baseline -0.02 -9"><span class='ocrx_word' id='word_1_67' title='bbox 412 954 528 996; x_wconf 81' lang='lat' dir='ltr'><strong>Portarum</strong></span> <span class='ocrx_word' id='word_1_68' title='bbox 539 952 567 994; x_wconf 78' lang='lat' dir='ltr'><strong>ale</strong></span> <span class='ocrx_word' id='word_1_69' title='bbox 577 952 639 994; x_wconf 87' lang='lat' dir='ltr'><strong>loate</strong></span> <span class='ocrx_word' id='word_1_70' title='bbox 649 961 749 1005; x_wconf 85' lang='lat' dir='ltr'><strong>auroque</strong></span> <span class='ocrx_word' id='word_1_71' title='bbox 760 946 860 989; x_wconf 86' lang='lat' dir='ltr'><strong>tenentia</strong></span> <span class='ocrx_word' id='word_1_72' title='bbox 871 956 950 987; x_wconf 80' lang='lat' dir='ltr'><strong>aaaron</strong></span> 
     </span>
     <span class='ocr_line' id='line_1_12' title="bbox 412 999 959 1097; baseline -0.02 -48"><span class='ocrx_word' id='word_1_73' title='bbox 412 1007 524 1063; x_wconf 77' lang='lat' dir='ltr'>Disponit,</span> <span class='ocrx_word' id='word_1_74' title='bbox 536 1006 672 1097; x_wconf 55' lang='lat' dir='ltr'><strong>mudemilue</strong></span> <span class='ocrx_word' id='word_1_75' title='bbox 681 1008 739 1051; x_wconf 87' lang='lat' dir='ltr'><strong>tuas,</strong></span> <span class='ocrx_word' id='word_1_76' title='bbox 751 999 872 1054; x_wconf 84' lang='lat' dir='ltr'><strong>Caligaria,</strong></span> <span class='ocrx_word' id='word_1_77' title='bbox 883 1009 959 1040; x_wconf 82' lang='lat' dir='ltr'><strong>muros</strong></span> 
     </span>
     <span class='ocr_line' id='line_1_13' title="bbox 412 1047 1055 1114; baseline -0.016 -12"><span class='ocrx_word' id='word_1_78' title='bbox 412 1061 473 1114; x_wconf 76' lang='lat' dir='ltr'><strong>Quae</strong></span> <span class='ocrx_word' id='word_1_79' title='bbox 483 1059 533 1100; x_wconf 87' lang='lat' dir='ltr'><strong>lraa</strong></span> <span class='ocrx_word' id='word_1_80' title='bbox 553 1065 598 1100; x_wconf 81' lang='lat' dir='ltr'><strong>ant.</strong></span> <span class='ocrx_word' id='word_1_81' title='bbox 647 1055 749 1110; x_wconf 82' lang='lat' dir='ltr'><strong>ariisque</strong></span> <span class='ocrx_word' id='word_1_82' title='bbox 758 1052 816 1095; x_wconf 90' lang='lat' dir='ltr'><strong>locis</strong></span> <span class='ocrx_word' id='word_1_83' title='bbox 827 1047 1055 1093; x_wconf 83' lang='lat' dir='ltr'><strong>tormentalocuutur.</strong></span> 
     </span>
     <span class='ocr_line' id='line_1_14' title="bbox 343 1104 1000 1165; baseline -0.02 -9"><span class='ocrx_word' id='word_1_84' title='bbox 343 1115 384 1156; x_wconf 75' lang='grc'><strong>005</strong></span> <span class='ocrx_word' id='word_1_85' title='bbox 453 1113 525 1154; x_wconf 85' lang='lat' dir='ltr'><strong>Prima</strong></span> <span class='ocrx_word' id='word_1_86' title='bbox 535 1123 617 1165; x_wconf 78' lang='lat' dir='ltr'><strong>ingens</strong></span> <span class='ocrx_word' id='word_1_87' title='bbox 628 1107 749 1151; x_wconf 75' lang='lat' dir='ltr'><strong>tranabat-da</strong></span> <span class='ocrx_word' id='word_1_88' title='bbox 760 1105 813 1148; x_wconf 77' lang='lat' dir='ltr'><strong>terit</strong></span> <span class='ocrx_word' id='word_1_89' title='bbox 822 1105 920 1147; x_wconf 80' lang='lat' dir='ltr'><strong>liamana</strong></span> <span class='ocrx_word' id='word_1_90' title='bbox 930 1104 1000 1145; x_wconf 82' lang='lat' dir='ltr'><strong>citato</strong></span> 
     </span>
     <span class='ocr_line' id='line_1_15' title="bbox 411 1160 959 1258; baseline -0.02 -50"><span class='ocrx_word' id='word_1_91' title='bbox 411 1165 506 1211; x_wconf 85' lang='lat' dir='ltr'><strong>Moenia,</strong></span> <span class='ocrx_word' id='word_1_92' title='bbox 518 1177 559 1220; x_wconf 89' lang='lat' dir='ltr'><strong>per</strong></span> <span class='ocrx_word' id='word_1_93' title='bbox 569 1165 656 1258; x_wconf 52' lang='lat' dir='ltr'><strong>nifrana</strong></span> <span class='ocrx_word' id='word_1_94' title='bbox 669 1160 822 1214; x_wconf 79' lang='lat' dir='ltr'><strong>intonsumque</strong></span> <span class='ocrx_word' id='word_1_95' title='bbox 833 1164 885 1199; x_wconf 78' lang='lat' dir='ltr'><strong>altra</strong></span> <span class='ocrx_word' id='word_1_96' title='bbox 896 1166 959 1206; x_wconf 83' lang='lat' dir='ltr'><strong>saxo,</strong></span> 
     </span>
     <span class='ocr_line' id='line_1_16' title="bbox 411 1210 1001 1274; baseline -0.019 -14"><span class='ocrx_word' id='word_1_97' title='bbox 411 1218 441 1261; x_wconf 80' lang='lat' dir='ltr'><strong>Et</strong></span> <span class='ocrx_word' id='word_1_98' title='bbox 449 1218 523 1274; x_wconf 85' lang='lat' dir='ltr'><strong>quatit</strong></span> <span class='ocrx_word' id='word_1_99' title='bbox 531 1219 590 1273; x_wconf 82' lang='lat' dir='ltr'><strong>impu</strong></span> <span class='ocrx_word' id='word_1_100' title='bbox 601 1229 626 1258; x_wconf 90' lang='lat' dir='ltr'><strong>su</strong></span> <span class='ocrx_word' id='word_1_101' title='bbox 638 1214 772 1256; x_wconf 86' lang='lat' dir='ltr'><strong>horrisono:</strong></span> <span class='ocrx_word' id='word_1_102' title='bbox 789 1218 899 1253; x_wconf 86' lang='lat' dir='ltr'><strong>tremuere</strong></span> <span class='ocrx_word' id='word_1_103' title='bbox 909 1210 1001 1264; x_wconf 77' lang='lat' dir='ltr'><strong>fragore</strong></span> 
     </span>
     <span class='ocr_line' id='line_1_17' title="bbox 397 1261 1004 1322; baseline -0.018 -8"><span class='ocrx_word' id='word_1_104' title='bbox 397 1272 469 1314; x_wconf 85' lang='lat' dir='ltr'><strong>&#39;llari</strong></span> <span class='ocrx_word' id='word_1_105' title='bbox 480 1286 484 1312; x_wconf 82' lang='grc' dir='ltr'><em>ι</em></span> <span class='ocrx_word' id='word_1_106' title='bbox 500 1269 636 1312; x_wconf 83' lang='lat' dir='ltr'><strong>contremuit</strong></span> <span class='ocrx_word' id='word_1_107' title='bbox 647 1267 719 1317; x_wconf 81' lang='lat' dir='ltr'><strong>tellus,</strong></span> <span class='ocrx_word' id='word_1_108' title='bbox 731 1264 870 1322; x_wconf 77' lang='lat' dir='ltr'><strong>pavidaeque</strong></span> <span class='ocrx_word' id='word_1_109' title='bbox 880 1261 1004 1320; x_wconf 80' lang='lat' dir='ltr'><strong>perurbeur</strong></span> 
     </span>
     <span class='ocr_line' id='line_1_18' title="bbox 412 1317 1004 1372; baseline -0.019 -6"><span class='ocrx_word' id='word_1_110' title='bbox 412 1323 445 1366; x_wconf 76' lang='lat' dir='ltr'><strong>tu</strong></span> <span class='ocrx_word' id='word_1_111' title='bbox 457 1324 553 1366; x_wconf 83' lang='lat' dir='ltr'><strong>sortitum</strong></span> <span class='ocrx_word' id='word_1_112' title='bbox 565 1329 630 1365; x_wconf 87' lang='lat' dir='ltr'><strong>natos</strong></span> <span class='ocrx_word' id='word_1_113' title='bbox 642 1321 756 1363; x_wconf 80' lang='lat' dir='ltr'><strong>strinxere</strong></span> <span class='ocrx_word' id='word_1_114' title='bbox 767 1317 793 1358; x_wconf 82' lang='lat' dir='ltr'><strong>aa</strong></span> <span class='ocrx_word' id='word_1_115' title='bbox 806 1323 897 1372; x_wconf 85' lang='lat' dir='ltr'><strong>pectora</strong></span> <span class='ocrx_word' id='word_1_116' title='bbox 907 1322 1004 1357; x_wconf 79' lang='lat' dir='ltr'><strong>matres:</strong></span> 
     </span>
     <span class='ocr_line' id='line_1_19' title="bbox 345 1369 1072 1433; baseline -0.019 -12"><span class='ocrx_word' id='word_1_117' title='bbox 345 1378 385 1421; x_wconf 65' lang='lat'><strong>2⁶0</strong></span> <span class='ocrx_word' id='word_1_118' title='bbox 414 1378 525 1433; x_wconf 75' lang='lat' dir='ltr'><strong>Aequoris</strong></span> <span class='ocrx_word' id='word_1_119' title='bbox 537 1384 559 1420; x_wconf 89' lang='lat' dir='ltr'><strong>et</strong></span> <span class='ocrx_word' id='word_1_120' title='bbox 569 1376 639 1419; x_wconf 84' lang='lat' dir='ltr'><strong>lunda</strong></span> <span class='ocrx_word' id='word_1_121' title='bbox 648 1373 739 1417; x_wconf 85' lang='lat' dir='ltr'><strong>tremuit</strong></span> <span class='ocrx_word' id='word_1_122' title='bbox 748 1372 867 1426; x_wconf 78' lang='lat' dir='ltr'><strong>Neptunus</strong></span> <span class='ocrx_word' id='word_1_123' title='bbox 878 1371 901 1411; x_wconf 88' lang='lat' dir='ltr'><strong>ia</strong></span> <span class='ocrx_word' id='word_1_124' title='bbox 913 1369 964 1411; x_wconf 86' lang='lat' dir='ltr'><strong>inao.</strong></span> <span class='ocrx_word' id='word_1_125' title='bbox 1063 1404 1072 1425; x_wconf 46' lang='grc' dir='ltr'><strong>ο</strong></span> 
     </span>
     <span class='ocr_line' id='line_1_20' title="bbox 414 1422 1049 1477; baseline -0.019 -4"><span class='ocrx_word' id='word_1_126' title='bbox 414 1431 487 1473; x_wconf 84' lang='lat' dir='ltr'><strong>Prima</strong></span> <span class='ocrx_word' id='word_1_127' title='bbox 499 1431 543 1473; x_wconf 89' lang='lat' dir='ltr'><strong>ictu</strong></span> <span class='ocrx_word' id='word_1_128' title='bbox 556 1430 686 1472; x_wconf 80' lang='lat' dir='ltr'><strong>indiscussa</strong></span> <span class='ocrx_word' id='word_1_129' title='bbox 697 1431 788 1468; x_wconf 84' lang='lat' dir='ltr'><strong>manent</strong></span> <span class='ocrx_word' id='word_1_130' title='bbox 796 1422 953 1477; x_wconf 64' lang='lat' dir='ltr'><strong>labefactaque</strong></span> <span class='ocrx_word' id='word_1_131' title='bbox 964 1426 1049 1462; x_wconf 82' lang='lat' dir='ltr'><strong>tantuna</strong></span> 
     </span>
     <span class='ocr_line' id='line_1_21' title="bbox 412 1474 959 1537; baseline -0.022 -10"><span class='ocrx_word' id='word_1_132' title='bbox 412 1484 507 1527; x_wconf 87' lang='lat' dir='ltr'><strong>bloenin.</strong></span> <span class='ocrx_word' id='word_1_133' title='bbox 517 1507 541 1514; x_wconf 92' lang='lat'>-</span> <span class='ocrx_word' id='word_1_134' title='bbox 553 1483 582 1526; x_wconf 83' lang='lat' dir='ltr'><strong>Se</strong></span> <span class='ocrx_word' id='word_1_135' title='bbox 592 1482 674 1537; x_wconf 77' lang='lat' dir='ltr'><strong>gemini</strong></span> <span class='ocrx_word' id='word_1_136' title='bbox 686 1477 767 1521; x_wconf 87' lang='lat' dir='ltr'><strong>tollunt</strong></span> <span class='ocrx_word' id='word_1_137' title='bbox 777 1479 801 1521; x_wconf 80' lang='lat' dir='ltr'><strong>at</strong></span> <span class='ocrx_word' id='word_1_138' title='bbox 818 1476 893 1518; x_wconf 77' lang='lat' dir='ltr'><strong>sidera</strong></span> <span class='ocrx_word' id='word_1_139' title='bbox 904 1474 959 1517; x_wconf 81' lang='lat' dir='ltr'><strong>uiuri</strong></span> 
     </span>
     <span class='ocr_line' id='line_1_22' title="bbox 412 1529 896 1598; baseline -0.019 -19"><span class='ocrx_word' id='word_1_140' title='bbox 412 1537 525 1591; x_wconf 37' lang='lat' dir='ltr'><strong>lngcntess</strong></span> <span class='ocrx_word' id='word_1_141' title='bbox 535 1535 624 1598; x_wconf 79' lang='lat' dir='ltr'><strong>lateque</strong></span> <span class='ocrx_word' id='word_1_142' title='bbox 635 1532 706 1581; x_wconf 84' lang='lat' dir='ltr'><strong>ambo,</strong></span> <span class='ocrx_word' id='word_1_143' title='bbox 718 1532 757 1574; x_wconf 84' lang='lat' dir='ltr'><strong>sed</strong></span> <span class='ocrx_word' id='word_1_144' title='bbox 769 1529 837 1572; x_wconf 86' lang='lat' dir='ltr'><strong>latior</strong></span> <span class='ocrx_word' id='word_1_145' title='bbox 848 1530 896 1586; x_wconf 86' lang='lat' dir='ltr'><strong>ipse</strong></span> 
     </span>
     <span class='ocr_line' id='line_1_23' title="bbox 413 1582 962 1644; baseline -0.018 -12"><span class='ocrx_word' id='word_1_146' title='bbox 413 1588 513 1632; x_wconf 77' lang='lat' dir='ltr'><strong>Tollitur</strong></span> <span class='ocrx_word' id='word_1_147' title='bbox 523 1589 632 1637; x_wconf 62' lang='lat' dir='ltr'><strong>interram</strong></span> <span class='ocrx_word' id='word_1_148' title='bbox 644 1586 750 1641; x_wconf 86' lang='lat' dir='ltr'><strong>celsoque</strong></span> <span class='ocrx_word' id='word_1_149' title='bbox 761 1583 877 1626; x_wconf 79' lang='lat' dir='ltr'><strong>curamine</strong></span> <span class='ocrx_word' id='word_1_150' title='bbox 887 1582 962 1644; x_wconf 66' lang='lat' dir='ltr'><strong>surgit</strong></span> 
     </span>
    </p>
   </div>
   <div class='ocr_carea' id='block_1_3' title="bbox 274 1634 987 1699">
    <p class='ocr_par' dir='ltr' id='par_1_3' title="bbox 274 1634 987 1699">
     <span class='ocr_line' id='line_1_24' title="bbox 274 1634 987 1699; baseline -0.018 -12"><span class='ocrx_word' id='word_1_151' title='bbox 274 1686 280 1699; x_wconf 71' lang='grc'><em>,</em></span> <span class='ocrx_word' id='word_1_152' title='bbox 345 1643 385 1685; x_wconf 68' lang='grc'><strong>000</strong></span> <span class='ocrx_word' id='word_1_153' title='bbox 413 1641 493 1685; x_wconf 81' lang='lat' dir='ltr'><strong>Altior.</strong></span> <span class='ocrx_word' id='word_1_154' title='bbox 522 1634 987 1696; x_wconf 71' lang='lat' dir='ltr'><strong>atstprinaustorarentoimpellitur,actus</strong></span> 
     </span>
    </p>
   </div>
   <div class='ocr_carea' id='block_1_4' title="bbox 345 1685 1059 3075">
    <p class='ocr_par' dir='ltr' id='par_1_4' title="bbox 413 1685 1042 1745">
     <span class='ocr_line' id='line_1_25' title="bbox 413 1685 1042 1745; baseline -0.013 -8"><span class='ocrx_word' id='word_1_155' title='bbox 413 1694 516 1737; x_wconf 79' lang='lat' dir='ltr'><strong>Sustinet</strong></span> <span class='ocrx_word' id='word_1_156' title='bbox 526 1694 637 1737; x_wconf 82' lang='lat' dir='ltr'><strong>intractus</strong></span> <span class='ocrx_word' id='word_1_157' title='bbox 665 1692 740 1740; x_wconf 85' lang='lat' dir='ltr'><strong>rinos,</strong></span> <span class='ocrx_word' id='word_1_158' title='bbox 752 1702 817 1745; x_wconf 85' lang='lat' dir='ltr'><strong>quana</strong></span> <span class='ocrx_word' id='word_1_159' title='bbox 827 1686 944 1731; x_wconf 81' lang='lat' dir='ltr'><strong>iranobilis</strong></span> <span class='ocrx_word' id='word_1_160' title='bbox 955 1685 1042 1729; x_wconf 79' lang='lat' dir='ltr'><strong>haeret.</strong></span> 
     </span>
    </p>

    <p class='ocr_par' dir='ltr' id='par_1_5' title="bbox 413 1705 1034 1908">
     <span class='ocr_line' id='line_1_26' title="bbox 413 1705 1034 1802; baseline -0.013 -13"><span class='ocrx_word' id='word_1_161' title='bbox 413 1746 456 1789; x_wconf 81' lang='lat' dir='ltr'><strong>Sed</strong></span> <span class='ocrx_word' id='word_1_162' title='bbox 468 1753 585 1802; x_wconf 83' lang='lat' dir='ltr'><strong>postquam</strong></span> <span class='ocrx_word' id='word_1_163' title='bbox 596 1705 717 1787; x_wconf 60' lang='lat' dir='ltr'><strong>bombarda</strong></span> <span class='ocrx_word' id='word_1_164' title='bbox 729 1744 808 1785; x_wconf 85' lang='lat' dir='ltr'><strong>iterum</strong></span> <span class='ocrx_word' id='word_1_165' title='bbox 820 1747 923 1784; x_wconf 83' lang='lat' dir='ltr'><strong>contorta</strong></span> <span class='ocrx_word' id='word_1_166' title='bbox 932 1738 1034 1782; x_wconf 86' lang='lat' dir='ltr'><strong>secundo</strong></span> 
     </span>
     <span class='ocr_line' id='line_1_27' title="bbox 414 1797 954 1891; baseline -0.015 -49"><span class='ocrx_word' id='word_1_167' title='bbox 414 1800 539 1849; x_wconf 71' lang='lat' dir='ltr'><strong>Percussit,</strong></span> <span class='ocrx_word' id='word_1_168' title='bbox 550 1799 621 1842; x_wconf 85' lang='lat' dir='ltr'><strong>valuit</strong></span> <span class='ocrx_word' id='word_1_169' title='bbox 632 1810 770 1853; x_wconf 81' lang='lat' dir='ltr'><strong>nequaquam</strong></span> <span class='ocrx_word' id='word_1_170' title='bbox 776 1797 881 1891; x_wconf 53' lang='lat' dir='ltr'><strong>‘pondere</strong></span> <span class='ocrx_word' id='word_1_171' title='bbox 892 1799 954 1836; x_wconf 87' lang='lat' dir='ltr'><strong>tanto</strong></span> 
     </span>
     <span class='ocr_line' id='line_1_28' title="bbox 413 1843 1017 1908; baseline -0.015 -13"><span class='ocrx_word' id='word_1_172' title='bbox 413 1853 473 1896; x_wconf 88' lang='lat' dir='ltr'><strong>Saxa</strong></span> <span class='ocrx_word' id='word_1_173' title='bbox 482 1853 527 1908; x_wconf 89' lang='lat' dir='ltr'><strong>pati</strong></span> <span class='ocrx_word' id='word_1_174' title='bbox 539 1853 642 1894; x_wconf 81' lang='lat' dir='ltr'><strong>inamatus</strong></span> <span class='ocrx_word' id='word_1_175' title='bbox 654 1863 737 1900; x_wconf 86' lang='lat' dir='ltr'><strong>marus,</strong></span> <span class='ocrx_word' id='word_1_176' title='bbox 749 1863 774 1892; x_wconf 87' lang='lat' dir='ltr'><strong>sa</strong></span> <span class='ocrx_word' id='word_1_177' title='bbox 800 1852 878 1898; x_wconf 80' lang='lat' dir='ltr'><strong>cessit,</strong></span> <span class='ocrx_word' id='word_1_178' title='bbox 889 1853 912 1889; x_wconf 86' lang='lat' dir='ltr'><strong>et</strong></span> <span class='ocrx_word' id='word_1_179' title='bbox 923 1843 1017 1903; x_wconf 83' lang='lat' dir='ltr'><strong>amplum</strong></span> 
     </span>
    </p>

    <p class='ocr_par' dir='ltr' id='par_1_6' title="bbox 345 1901 987 1961">
     <span class='ocr_line' id='line_1_29' title="bbox 345 1901 987 1961; baseline -0.012 -12"><span class='ocrx_word' id='word_1_180' title='bbox 345 1907 385 1949; x_wconf 72' lang='grc'><strong>070</strong></span> <span class='ocrx_word' id='word_1_181' title='bbox 412 1907 445 1949; x_wconf 78' lang='lat' dir='ltr'><strong>nd</strong></span> <span class='ocrx_word' id='word_1_182' title='bbox 456 1913 536 1948; x_wconf 81' lang='lat' dir='ltr'><strong>terrani</strong></span> <span class='ocrx_word' id='word_1_183' title='bbox 548 1912 657 1961; x_wconf 78' lang='lat' dir='ltr'><strong>congesta</strong></span> <span class='ocrx_word' id='word_1_184' title='bbox 668 1916 737 1946; x_wconf 88' lang='lat' dir='ltr'><strong>ruens</strong></span> <span class='ocrx_word' id='word_1_185' title='bbox 748 1905 786 1945; x_wconf 79' lang='lat' dir='ltr'><strong>aiat</strong></span> <span class='ocrx_word' id='word_1_186' title='bbox 795 1912 869 1944; x_wconf 82' lang='lat' dir='ltr'><strong>massa</strong></span> <span class='ocrx_word' id='word_1_187' title='bbox 880 1901 987 1942; x_wconf 80' lang='lat' dir='ltr'><strong>toramen.</strong></span> 
     </span>
    </p>

    <p class='ocr_par' dir='ltr' id='par_1_7' title="bbox 413 1951 1033 2174">
     <span class='ocr_line' id='line_1_30' title="bbox 453 1951 1033 2011; baseline -0.017 -9"><span class='ocrx_word' id='word_1_188' title='bbox 453 1959 508 2002; x_wconf 80' lang='lat' dir='ltr'><strong>&#39;luna</strong></span> <span class='ocrx_word' id='word_1_189' title='bbox 520 1972 575 2001; x_wconf 87' lang='lat' dir='ltr'><strong>vera</strong></span> <span class='ocrx_word' id='word_1_190' title='bbox 585 1959 688 2001; x_wconf 84' lang='lat' dir='ltr'><strong>cecidere</strong></span> <span class='ocrx_word' id='word_1_191' title='bbox 697 1957 785 2006; x_wconf 80' lang='lat' dir='ltr'><strong>animis,</strong></span> <span class='ocrx_word' id='word_1_192' title='bbox 797 1954 932 2011; x_wconf 85' lang='lat' dir='ltr'><strong>pavidisque</strong></span> <span class='ocrx_word' id='word_1_193' title='bbox 943 1951 1033 2006; x_wconf 77' lang='lat' dir='ltr'><strong>Pelasgi</strong></span> 
     </span>
     <span class='ocr_line' id='line_1_31' title="bbox 415 2007 970 2060; baseline -0.014 -5"><span class='ocrx_word' id='word_1_194' title='bbox 415 2012 549 2055; x_wconf 75' lang='lat' dir='ltr'><strong>Pectoribus</strong></span> <span class='ocrx_word' id='word_1_195' title='bbox 559 2013 576 2054; x_wconf 89' lang='lat' dir='ltr'><strong>ri</strong></span> <span class='ocrx_word' id='word_1_196' title='bbox 597 2025 649 2054; x_wconf 86' lang='lat' dir='ltr'><strong>uere</strong></span> <span class='ocrx_word' id='word_1_197' title='bbox 657 2017 723 2060; x_wconf 83' lang='lat' dir='ltr'><strong>metu,</strong></span> <span class='ocrx_word' id='word_1_198' title='bbox 735 2022 784 2052; x_wconf 84' lang='lat' dir='ltr'><strong>cuna</strong></span> <span class='ocrx_word' id='word_1_199' title='bbox 795 2007 876 2051; x_wconf 86' lang='lat' dir='ltr'><strong>cedere</strong></span> <span class='ocrx_word' id='word_1_200' title='bbox 886 2016 970 2049; x_wconf 82' lang='lat' dir='ltr'><strong>ararum</strong></span> 
     </span>
     <span class='ocr_line' id='line_1_32' title="bbox 413 2024 927 2119; baseline -0.016 -10"><span class='ocrx_word' id='word_1_201' title='bbox 413 2066 546 2109; x_wconf 82' lang='lat' dir='ltr'><strong>Bombaralis</strong></span> <span class='ocrx_word' id='word_1_202' title='bbox 556 2024 634 2108; x_wconf 60' lang='lat' dir='ltr'><strong>vilere</strong></span> <span class='ocrx_word' id='word_1_203' title='bbox 643 2063 738 2119; x_wconf 84' lang='lat' dir='ltr'><strong>solaque</strong></span> <span class='ocrx_word' id='word_1_204' title='bbox 750 2061 869 2117; x_wconf 78' lang='lat' dir='ltr'><strong>aequarier</strong></span> <span class='ocrx_word' id='word_1_205' title='bbox 878 2061 927 2102; x_wconf 85' lang='lat' dir='ltr'><strong>imo.</strong></span> 
     </span>
     <span class='ocr_line' id='line_1_33' title="bbox 413 2113 999 2174; baseline -0.017 -12"><span class='ocrx_word' id='word_1_206' title='bbox 413 2119 550 2162; x_wconf 76' lang='lat' dir='ltr'><strong>Vulneribus</strong></span> <span class='ocrx_word' id='word_1_207' title='bbox 561 2119 740 2174; x_wconf 77' lang='lat' dir='ltr'><strong>caprasjaaajam</strong></span> <span class='ocrx_word' id='word_1_208' title='bbox 752 2116 800 2157; x_wconf 85' lang='lat' dir='ltr'><strong>lore</strong></span> <span class='ocrx_word' id='word_1_209' title='bbox 810 2120 882 2156; x_wconf 81' lang='lat' dir='ltr'><strong>niente</strong></span> <span class='ocrx_word' id='word_1_210' title='bbox 891 2113 999 2155; x_wconf 84' lang='lat' dir='ltr'><strong>volutant.</strong></span> 
     </span>
    </p>

    <p class='ocr_par' dir='ltr' id='par_1_8' title="bbox 345 2164 1000 2332">
     <span class='ocr_line' id='line_1_34' title="bbox 345 2164 990 2228; baseline -0.012 -14"><span class='ocrx_word' id='word_1_211' title='bbox 345 2172 386 2215; x_wconf 75' lang='lat' dir='ltr'><strong>atu</strong></span> <span class='ocrx_word' id='word_1_212' title='bbox 415 2173 446 2215; x_wconf 84' lang='lat' dir='ltr'><strong>De</strong></span> <span class='ocrx_word' id='word_1_213' title='bbox 463 2172 538 2215; x_wconf 87' lang='lat' dir='ltr'><strong>larunt</strong></span> <span class='ocrx_word' id='word_1_214' title='bbox 547 2172 639 2228; x_wconf 83' lang='lat' dir='ltr'><strong>patriam</strong></span> <span class='ocrx_word' id='word_1_215' title='bbox 651 2171 768 2213; x_wconf 80' lang='lat' dir='ltr'><strong>ruituram.</strong></span> <span class='ocrx_word' id='word_1_216' title='bbox 799 2168 897 2221; x_wconf 83' lang='lat' dir='ltr'><strong>Pignora</strong></span> <span class='ocrx_word' id='word_1_217' title='bbox 906 2164 990 2208; x_wconf 64' lang='lat' dir='ltr'><strong>&lt;teuent</strong></span> 
     </span>
     <span class='ocr_line' id='line_1_35' title="bbox 413 2186 1000 2275; baseline -0.015 -6"><span class='ocrx_word' id='word_1_218' title='bbox 413 2186 493 2269; x_wconf 73' lang='lat' dir='ltr'><strong>balcia</strong></span> <span class='ocrx_word' id='word_1_219' title='bbox 505 2232 615 2275; x_wconf 83' lang='lat' dir='ltr'><strong>natorum,</strong></span> <span class='ocrx_word' id='word_1_220' title='bbox 626 2237 651 2265; x_wconf 93' lang='lat' dir='ltr'><strong>ac</strong></span> <span class='ocrx_word' id='word_1_221' title='bbox 662 2230 744 2265; x_wconf 84' lang='lat' dir='ltr'><strong>sortean</strong></span> <span class='ocrx_word' id='word_1_222' title='bbox 756 2222 893 2263; x_wconf 85' lang='lat' dir='ltr'><strong>miserantur</strong></span> <span class='ocrx_word' id='word_1_223' title='bbox 903 2219 1000 2274; x_wconf 75' lang='lat' dir='ltr'><strong>iniquum</strong></span> 
     </span>
     <span class='ocr_line' id='line_1_36' title="bbox 412 2278 950 2332; baseline -0.015 -10"><span class='ocrx_word' id='word_1_224' title='bbox 412 2280 499 2322; x_wconf 80' lang='lat' dir='ltr'><strong>Aetatis</strong></span> <span class='ocrx_word' id='word_1_225' title='bbox 512 2286 614 2320; x_wconf 84' lang='lat' dir='ltr'><strong>tenerae:</strong></span> <span class='ocrx_word' id='word_1_226' title='bbox 623 2279 669 2332; x_wconf 84' lang='lat' dir='ltr'><strong>jana</strong></span> <span class='ocrx_word' id='word_1_227' title='bbox 681 2278 726 2318; x_wconf 88' lang='lat' dir='ltr'><strong>t&#39;ata</strong></span> <span class='ocrx_word' id='word_1_228' title='bbox 736 2281 835 2317; x_wconf 83' lang='lat' dir='ltr'><strong>extrema</strong></span> <span class='ocrx_word' id='word_1_229' title='bbox 845 2286 950 2317; x_wconf 81' lang='lat' dir='ltr'><strong>suorum·</strong></span> 
     </span>
    </p>

    <p class='ocr_par' dir='ltr' id='par_1_9' title="bbox 415 2329 1040 2434">
     <span class='ocr_line' id='line_1_37' title="bbox 415 2329 1013 2386; baseline -0.013 -12"><span class='ocrx_word' id='word_1_230' title='bbox 415 2331 444 2376; x_wconf 89' lang='lat' dir='ltr'><strong>Se</strong></span> <span class='ocrx_word' id='word_1_231' title='bbox 461 2346 489 2375; x_wconf 91' lang='lat' dir='ltr'><strong>ue</strong></span> <span class='ocrx_word' id='word_1_232' title='bbox 500 2332 576 2373; x_wconf 81' lang='lat' dir='ltr'><strong>viuere</strong></span> <span class='ocrx_word' id='word_1_233' title='bbox 587 2337 674 2386; x_wconf 77' lang='lat' dir='ltr'><strong>putant,</strong></span> <span class='ocrx_word' id='word_1_234' title='bbox 684 2329 749 2383; x_wconf 76' lang='lat' dir='ltr'><strong>segni</strong></span> <span class='ocrx_word' id='word_1_235' title='bbox 758 2335 779 2370; x_wconf 93' lang='lat' dir='ltr'><strong>et</strong></span> <span class='ocrx_word' id='word_1_236' title='bbox 790 2338 891 2370; x_wconf 87' lang='lat' dir='ltr'><strong>moerore</strong></span> <span class='ocrx_word' id='word_1_237' title='bbox 902 2331 1013 2368; x_wconf 82' lang='lat' dir='ltr'><strong>tenentur.</strong></span> 
     </span>
     <span class='ocr_line' id='line_1_38' title="bbox 473 2379 1040 2434; baseline -0.018 -6"><span class='ocrx_word' id='word_1_238' title='bbox 473 2398 501 2428; x_wconf 83' lang='lat' dir='ltr'><strong>ex</strong></span> <span class='ocrx_word' id='word_1_239' title='bbox 512 2384 586 2427; x_wconf 89' lang='lat' dir='ltr'><strong>sabito</strong></span> <span class='ocrx_word' id='word_1_240' title='bbox 597 2383 697 2426; x_wconf 81' lang='lat' dir='ltr'><strong>:recurrit</strong></span> <span class='ocrx_word' id='word_1_241' title='bbox 722 2383 793 2424; x_wconf 85' lang='lat' dir='ltr'><strong>atriae</strong></span> <span class='ocrx_word' id='word_1_242' title='bbox 804 2390 939 2423; x_wconf 80' lang='lat' dir='ltr'><strong>succurrere</strong></span> <span class='ocrx_word' id='word_1_243' title='bbox 949 2379 1040 2434; x_wconf 71' lang='lat' dir='ltr'><strong>viasque</strong></span> 
     </span>
    </p>

    <p class='ocr_par' dir='ltr' id='par_1_10' title="bbox 345 2396 1020 2704">
     <span class='ocr_line' id='line_1_39' title="bbox 345 2396 1020 2498; baseline -0.007 -20"><span class='ocrx_word' id='word_1_244' title='bbox 345 2437 386 2480; x_wconf 69' lang='grc'><strong>980</strong></span> <span class='ocrx_word' id='word_1_245' title='bbox 413 2440 441 2482; x_wconf 82' lang='grc' dir='ltr'><strong>ΑΙ</strong></span> <span class='ocrx_word' id='word_1_246' title='bbox 461 2452 487 2481; x_wconf 90' lang='lat' dir='ltr'><strong>ue</strong></span> <span class='ocrx_word' id='word_1_247' title='bbox 499 2438 584 2479; x_wconf 87' lang='lat' dir='ltr'><strong>anlnans</strong></span> <span class='ocrx_word' id='word_1_248' title='bbox 595 2436 675 2478; x_wconf 81' lang='lat' dir='ltr'><strong>l&#39;ractis</strong></span> <span class='ocrx_word' id='word_1_249' title='bbox 688 2396 812 2498; x_wconf 46' lang='lat' dir='ltr'><strong>abiungere</strong></span> <span class='ocrx_word' id='word_1_250' title='bbox 822 2432 920 2489; x_wconf 81' lang='lat' dir='ltr'><strong>civibus.</strong></span> <span class='ocrx_word' id='word_1_251' title='bbox 949 2433 1020 2474; x_wconf 80' lang='lat' dir='ltr'><strong>Acras</strong></span> 
     </span>
     <span class='ocr_line' id='line_1_40' title="bbox 414 2486 1010 2542; baseline -0.013 -8"><span class='ocrx_word' id='word_1_252' title='bbox 414 2492 471 2535; x_wconf 76' lang='lat' dir='ltr'><strong>Huic</strong></span> <span class='ocrx_word' id='word_1_253' title='bbox 480 2489 527 2533; x_wconf 89' lang='lat' dir='ltr'><strong>ltali</strong></span> <span class='ocrx_word' id='word_1_254' title='bbox 540 2487 763 2538; x_wconf 81' lang='lat' dir='ltr'><strong>aecurruataailues,</strong></span> <span class='ocrx_word' id='word_1_255' title='bbox 776 2488 900 2542; x_wconf 79' lang='lat' dir='ltr'><strong>ductorque</strong></span> <span class='ocrx_word' id='word_1_256' title='bbox 908 2486 1010 2527; x_wconf 82' lang='lat' dir='ltr'><strong>loannes</strong></span> 
     </span>
     <span class='ocr_line' id='line_1_41' title="bbox 414 2537 957 2588; baseline -0.017 0"><span class='ocrx_word' id='word_1_257' title='bbox 414 2544 557 2588; x_wconf 77' lang='lat' dir='ltr'><strong>lastinianus</strong></span> <span class='ocrx_word' id='word_1_258' title='bbox 570 2543 634 2584; x_wconf 85' lang='lat' dir='ltr'><strong>nalest</strong></span> <span class='ocrx_word' id='word_1_259' title='bbox 643 2541 784 2585; x_wconf 81' lang='lat' dir='ltr'><strong>tlenueasis:</strong></span> <span class='ocrx_word' id='word_1_260' title='bbox 800 2540 897 2581; x_wconf 75' lang='lat' dir='ltr'><strong>anavibus</strong></span> <span class='ocrx_word' id='word_1_261' title='bbox 906 2537 957 2580; x_wconf 85' lang='lat' dir='ltr'><strong>altis</strong></span> 
     </span>
     <span class='ocr_line' id='line_1_42' title="bbox 413 2591 953 2652; baseline -0.013 -12"><span class='ocrx_word' id='word_1_262' title='bbox 413 2598 455 2640; x_wconf 91' lang='lat' dir='ltr'><strong>llic</strong></span> <span class='ocrx_word' id='word_1_263' title='bbox 466 2602 571 2652; x_wconf 82' lang='lat' dir='ltr'><strong>praeerat</strong></span> <span class='ocrx_word' id='word_1_264' title='bbox 580 2597 683 2651; x_wconf 72' lang='lat' dir='ltr'><strong>geminis,</strong></span> <span class='ocrx_word' id='word_1_265' title='bbox 695 2593 741 2635; x_wconf 78' lang='lat' dir='ltr'><strong>illis</strong></span> <span class='ocrx_word' id='word_1_266' title='bbox 756 2594 794 2649; x_wconf 86' lang='lat' dir='ltr'><strong>qni</strong></span> <span class='ocrx_word' id='word_1_267' title='bbox 806 2594 863 2634; x_wconf 80' lang='lat' dir='ltr'><strong>farte</strong></span> <span class='ocrx_word' id='word_1_268' title='bbox 874 2591 953 2633; x_wconf 79' lang='lat' dir='ltr'><strong>diebus</strong></span> 
     </span>
     <span class='ocr_line' id='line_1_43' title="bbox 413 2644 973 2704; baseline -0.011 -13"><span class='ocrx_word' id='word_1_269' title='bbox 413 2649 512 2691; x_wconf 90' lang='lat' dir='ltr'><strong>Venerat</strong></span> <span class='ocrx_word' id='word_1_270' title='bbox 521 2655 586 2704; x_wconf 84' lang='lat' dir='ltr'><strong>atque</strong></span> <span class='ocrx_word' id='word_1_271' title='bbox 598 2648 646 2699; x_wconf 81' lang='lat' dir='ltr'><strong>urbi</strong></span> <span class='ocrx_word' id='word_1_272' title='bbox 659 2646 765 2690; x_wconf 80' lang='lat' dir='ltr'><strong>auxilium</strong></span> <span class='ocrx_word' id='word_1_273' title='bbox 778 2647 870 2701; x_wconf 71' lang='lat' dir='ltr'><strong>regique</strong></span> <span class='ocrx_word' id='word_1_274' title='bbox 881 2644 973 2686; x_wconf 75' lang='lat' dir='ltr'><strong>terebat.</strong></span> 
     </span>
    </p>

    <p class='ocr_par' dir='ltr' id='par_1_11' title="bbox 346 2696 1059 2917">
     <span class='ocr_line' id='line_1_44' title="bbox 346 2696 984 2747; baseline -0.008 -4"><span class='ocrx_word' id='word_1_275' title='bbox 346 2702 386 2746; x_wconf 71' lang='lat'><strong>285</strong></span> <span class='ocrx_word' id='word_1_276' title='bbox 415 2703 463 2745; x_wconf 81' lang='lat' dir='ltr'><strong>Rex</strong></span> <span class='ocrx_word' id='word_1_277' title='bbox 473 2705 575 2744; x_wconf 81' lang='lat' dir='ltr'><strong>niercaate</strong></span> <span class='ocrx_word' id='word_1_278' title='bbox 586 2702 657 2743; x_wconf 84' lang='lat' dir='ltr'><strong>virum</strong></span> <span class='ocrx_word' id='word_1_279' title='bbox 669 2701 816 2747; x_wconf 69' lang='lat' dir='ltr'><strong>concluserat.</strong></span> <span class='ocrx_word' id='word_1_280' title='bbox 829 2711 854 2740; x_wconf 85' lang='lat' dir='ltr'><strong>ac</strong></span> <span class='ocrx_word' id='word_1_281' title='bbox 864 2698 908 2740; x_wconf 83' lang='lat' dir='ltr'><strong>sibi</strong></span> <span class='ocrx_word' id='word_1_282' title='bbox 917 2696 984 2739; x_wconf 76' lang='lat' dir='ltr'><strong>littura</strong></span> 
     </span>
     <span class='ocr_line' id='line_1_45' title="bbox 414 2751 1029 2809; baseline -0.007 -11"><span class='ocrx_word' id='word_1_283' title='bbox 414 2756 509 2799; x_wconf 76' lang='lat' dir='ltr'><strong>Fecerat</strong></span> <span class='ocrx_word' id='word_1_284' title='bbox 518 2753 577 2797; x_wconf 88' lang='lat' dir='ltr'><strong>banc</strong></span> <span class='ocrx_word' id='word_1_285' title='bbox 588 2754 673 2795; x_wconf 82' lang='lat' dir='ltr'><strong>socium</strong></span> <span class='ocrx_word' id='word_1_286' title='bbox 685 2754 772 2809; x_wconf 87' lang='lat' dir='ltr'><strong>patriae</strong></span> <span class='ocrx_word' id='word_1_287' title='bbox 783 2752 805 2794; x_wconf 94' lang='lat' dir='ltr'><strong>in</strong></span> <span class='ocrx_word' id='word_1_288' title='bbox 816 2751 947 2793; x_wconf 84' lang='lat' dir='ltr'><strong>discrimine</strong></span> <span class='ocrx_word' id='word_1_289' title='bbox 958 2755 1029 2794; x_wconf 71' lang='lat' dir='ltr'><strong>tauta</strong></span> 
     </span>
     <span class='ocr_line' id='line_1_46' title="bbox 413 2804 985 2856; baseline -0.014 -4"><span class='ocrx_word' id='word_1_290' title='bbox 413 2808 534 2851; x_wconf 77' lang='lat' dir='ltr'><strong>Accelerat</strong></span> <span class='ocrx_word' id='word_1_291' title='bbox 543 2806 616 2856; x_wconf 74' lang='lat' dir='ltr'><strong>sinaul</strong></span> <span class='ocrx_word' id='word_1_292' title='bbox 628 2813 650 2849; x_wconf 90' lang='lat' dir='ltr'><strong>et</strong></span> <span class='ocrx_word' id='word_1_293' title='bbox 661 2806 755 2855; x_wconf 74' lang='lat' dir='ltr'><strong>urticas,</strong></span> <span class='ocrx_word' id='word_1_294' title='bbox 765 2817 884 2848; x_wconf 83' lang='lat' dir='ltr'><strong>numerosa</strong></span> <span class='ocrx_word' id='word_1_295' title='bbox 894 2804 985 2849; x_wconf 65' lang='lat' dir='ltr'><strong>catam</strong></span> 
     </span>
     <span class='ocr_line' id='line_1_47' title="bbox 413 2856 1059 2917; baseline -0.008 -13"><span class='ocrx_word' id='word_1_296' title='bbox 413 2862 481 2916; x_wconf 85' lang='lat' dir='ltr'><strong>Quem</strong></span> <span class='ocrx_word' id='word_1_297' title='bbox 491 2863 596 2917; x_wconf 87' lang='lat' dir='ltr'><strong>juvenum</strong></span> <span class='ocrx_word' id='word_1_298' title='bbox 608 2860 712 2901; x_wconf 83' lang='lat' dir='ltr'><strong>comitata</strong></span> <span class='ocrx_word' id='word_1_299' title='bbox 725 2858 799 2901; x_wconf 80' lang='lat' dir='ltr'><strong>lrenait</strong></span> <span class='ocrx_word' id='word_1_300' title='bbox 809 2856 932 2911; x_wconf 74' lang='lat' dir='ltr'><strong>confligere</strong></span> <span class='ocrx_word' id='word_1_301' title='bbox 941 2856 1059 2899; x_wconf 81' lang='lat' dir='ltr'><strong>Teucris.-</strong></span> 
     </span>
    </p>

    <p class='ocr_par' dir='ltr' id='par_1_12' title="bbox 454 2908 976 2967">
     <span class='ocr_line' id='line_1_48' title="bbox 454 2908 976 2967; baseline -0.011 -10"><span class='ocrx_word' id='word_1_302' title='bbox 454 2915 483 2957; x_wconf 90' lang='lat' dir='ltr'><strong>Ut</strong></span> <span class='ocrx_word' id='word_1_303' title='bbox 491 2925 581 2964; x_wconf 82' lang='lat' dir='ltr'><strong>venare,</strong></span> <span class='ocrx_word' id='word_1_304' title='bbox 592 2913 669 2955; x_wconf 81' lang='lat' dir='ltr'><strong>vialeat</strong></span> <span class='ocrx_word' id='word_1_305' title='bbox 679 2912 788 2967; x_wconf 83' lang='lat' dir='ltr'><strong>disjectas</strong></span> <span class='ocrx_word' id='word_1_306' title='bbox 799 2912 898 2966; x_wconf 84' lang='lat' dir='ltr'><strong>aaaaalique</strong></span> <span class='ocrx_word' id='word_1_307' title='bbox 909 2908 976 2952; x_wconf 75' lang='lat' dir='ltr'><strong>natea</strong></span> 
     </span>
    </p>

    <p class='ocr_par' dir='ltr' id='par_1_13' title="bbox 347 2964 989 3075">
     <span class='ocr_line' id='line_1_49' title="bbox 347 2964 955 3022; baseline -0.008 -13"><span class='ocrx_word' id='word_1_308' title='bbox 347 2964 387 3008; x_wconf 71' lang='lat'><strong>200</strong></span> <span class='ocrx_word' id='word_1_309' title='bbox 414 2967 532 3016; x_wconf 79' lang='lat' dir='ltr'><strong>Saxonum,</strong></span> <span class='ocrx_word' id='word_1_310' title='bbox 543 2966 655 3022; x_wconf 85' lang='lat' dir='ltr'><strong>latamque</strong></span> <span class='ocrx_word' id='word_1_311' title='bbox 664 2966 711 3011; x_wconf 90' lang='lat' dir='ltr'><strong>ictu</strong></span> <span class='ocrx_word' id='word_1_312' title='bbox 720 2971 826 3021; x_wconf 80' lang='lat' dir='ltr'><strong>quassata</strong></span> <span class='ocrx_word' id='word_1_313' title='bbox 836 2964 955 3006; x_wconf 77' lang='lat' dir='ltr'><strong>fenestrata</strong></span> 
     </span>
     <span class='ocr_line' id='line_1_50' title="bbox 415 3015 989 3075; baseline -0.007 -14"><span class='ocrx_word' id='word_1_314' title='bbox 415 3019 501 3061; x_wconf 78' lang='lat' dir='ltr'><strong>Moenia</strong></span> <span class='ocrx_word' id='word_1_315' title='bbox 509 3020 635 3075; x_wconf 80' lang='lat' dir='ltr'><strong>porrigere,</strong></span> <span class='ocrx_word' id='word_1_316' title='bbox 645 3024 667 3061; x_wconf 89' lang='lat' dir='ltr'><strong>et</strong></span> <span class='ocrx_word' id='word_1_317' title='bbox 675 3018 769 3074; x_wconf 80' lang='lat' dir='ltr'><strong>puviaias</strong></span> <span class='ocrx_word' id='word_1_318' title='bbox 782 3017 871 3059; x_wconf 86' lang='lat' dir='ltr'><strong>adstare</strong></span> <span class='ocrx_word' id='word_1_319' title='bbox 882 3015 989 3059; x_wconf 83' lang='lat' dir='ltr'><strong>cobortes</strong></span> 
     </span>
    </p>
   </div>
   <div class='ocr_carea' id='block_1_5' title="bbox 414 3067 992 3128">
    <p class='ocr_par' dir='ltr' id='par_1_14' title="bbox 414 3067 992 3128">
     <span class='ocr_line' id='line_1_51' title="bbox 414 3067 992 3128; baseline -0.005 -15"><span class='ocrx_word' id='word_1_320' title='bbox 414 3072 459 3115; x_wconf 89' lang='lat' dir='ltr'><strong>Pro</strong></span> <span class='ocrx_word' id='word_1_321' title='bbox 469 3084 532 3117; x_wconf 80' lang='lat' dir='ltr'><strong>tauro</strong></span> <span class='ocrx_word' id='word_1_322' title='bbox 543 3072 650 3114; x_wconf 84' lang='lat' dir='ltr'><strong>attonitas</strong></span> <span class='ocrx_word' id='word_1_323' title='bbox 658 3084 716 3128; x_wconf 82' lang='lat' dir='ltr'><strong>quas</strong></span> <span class='ocrx_word' id='word_1_324' title='bbox 728 3083 767 3113; x_wconf 85' lang='lat' dir='ltr'><strong>rex</strong></span> <span class='ocrx_word' id='word_1_325' title='bbox 778 3069 890 3120; x_wconf 78' lang='lat' dir='ltr'><strong>bortatur,</strong></span> <span class='ocrx_word' id='word_1_326' title='bbox 899 3076 922 3112; x_wconf 88' lang='lat' dir='ltr'><strong>et</strong></span> <span class='ocrx_word' id='word_1_327' title='bbox 932 3067 992 3112; x_wconf 89' lang='lat' dir='ltr'><strong>ultro</strong></span> 
     </span>
    </p>
   </div>
   <div class='ocr_carea' id='block_1_6' title="bbox 0 0 1341 3770">
    <p class='ocr_par' dir='ltr' id='par_1_15' title="bbox 0 0 1341 3770">
     <span class='ocr_line' id='line_1_52' title="bbox 0 0 1341 3770; baseline 0 0"><span class='ocrx_word' id='word_1_328' title='bbox 0 0 1341 3770; x_wconf 95' lang='lat' dir='ltr'><strong> </strong></span> 
     </span>
    </p>
   </div>
  </div>
 </body>
</html>
