2656 3770
429 300 693 362 constantinopoleos
706 301 724 349 i.
740 301 762 352 I.

132 475 174 517 115
202 473 303 517 Consilio
310 473 415 529 Europes
426 472 532 515 viderunt
542 484 613 526 nepus
623 479 725 536 receptu:

200 526 308 583 Quodque
319 538 388 582 super
398 524 469 568 solunt
480 524 587 582 cupiebat
596 526 698 567 concidit
706 524 779 569 lrostis

200 580 305 623 infensus
315 579 401 621 meritis
413 580 482 621 tentis
493 581 512 621 si
521 579 636 635 conspicit
646 591 718 635 nequa

198 631 304 676 Molitus:
317 644 392 674 verum
401 633 492 687 J'nmjem
500 630 554 674 mihi
565 632 643 674 reddet
652 642 747 675 umorem

199 686 318 736 Montius,
329 686 382 741 quid
394 694 437 740 ego
448 684 531 728 vnlenm
543 684 679 741 speculatus.
709 685 733 726 ln
745 686 817 741 ipsum

132 741 173 783 ⁴²⁰
199 735 761 834 idisti-‘title{ttdtttf'tdtt'tdtltr

200 845 285 901 Excepi
295 844 386 886 dextri:
398 842 485 900 legulos
495 804 636 887 tstr’dvcdem

199 898 289 941 Mittere
297 897 335 954 qui
347 897 527 955 reieruutoptem
537 898 574 953 qui
584 900 683 954 Jungere
694 897 786 941 dextros
853 930 857 939 ,

200 951 300 1009 Foedere
310 956 426 1014 perpetup‚
437 957 458 993 et
470 964 546 1007 pscem
557 951 645 993 drmnre
655 964 784 1007 perennem.

132 1006 173 1048 tte
200 1004 246 1047 Vos
257 1016 311 1046 vero
320 1003 402 1067 quibus
413 1010 436 1046 et
445 1012 529 1047 mecum
540 1005 650 1059 permissu
659 1011 760 1060 potestus

200 1056 256 1112 Quid
268 1065 363 1114 putride,
374 1063 397 1099 et
407 1057 486 1100 mediis
497 1057 609 1099 conducet
619 1070 720 1113 premere
731 1057 798 1100 rebus

199 1110 224 1154 ln
235 1123 350 1153 commuue
360 1116 437 1166 putres
448 1122 556 1166 quaenam
567 1112 680 1152 sententia
691 1110 762 1160 vobis,

199 1163 281 1207 Dicite.
311 1162 379 1207 Solus
389 1163 448 1205 euim
457 1164 509 1218 quid
521 1161 596 1205 multis
607 1162 710 1205 couierut
721 1176 816 1219 unquam

199 1216 298 1259 Cernere
309 1229 354 1258 nou
365 1216 459 1278 poterit:
470 1215 626 1271 poscuntquid
636 1215 704 1257 multe
715 1216 824 1259 ridebunt

132 1270 173 1312 tto
200 1268 291 1312 Mulier·
306 1291 333 1299 -
348 1268 387 1310 Sro
397 1268 463 1310 lutus.
494 1266 587 1309 lluoiunr
598 1267 621 1308 iu
631 1267 742 1310 vestibulo
752 1280 851 1311 murmur

202 1321 312 1364 Tollitur:
325 1332 380 1362 euru
389 1318 446 1361 levis
459 1318 525 1361 veluti
538 1330 586 1360 cnm
598 1327 706 1374 personat
717 1319 775 1362 ultas

202 1373 288 1424 Silvus;
301 1378 340 1415 eut
350 1371 425 1414 subito
436 1371 548 1426 Phrygius
560 1383 629 1426 super
639 1383 737 1427 aequore
748 1379 830 1415 ventus

201 1426 254 1469 Cum
266 1424 354 1474 fremit,
365 1431 388 1466 et
399 1423 479 1466 ductus
490 1430 598 1465 resonent
608 1423 636 1465 ed
648 1423 715 1466 litor-u
725 1423 799 1480 longe.

241 1478 277 1520 Vl.
294 1477 432 1520 Constantes
444 1477 527 1520 tumido
538 1486 635 1531 surgens
647 1490 704 1533 quos
715 1484 807 1533 pectore
818 1477 893 1520 Lucus

133 1532 173 1574 100
201 1531 300 1576 Noterus
310 1530 401 1581 effetum
413 1530 505 1584 generis
517 1542 561 1572 non
571 1531 660 1572 uirm‘rue
670 1529 741 1580 clero,

201 1584 248 1629 Nee
260 1584 316 1627 recti
327 1583 411 1633 studio,
439 1581 530 1626 ulchras
541 1595 635 1638 numque
644 1584 723 1626 odoret
731 1591 792 1626 ortes

200 1636 316 1680 Burburus
325 1635 376 1689 hic3
387 1650 411 1679 se
436 1648 500 1693 opum
513 1637 577 1687 iamt,
588 1649 646 1692 quus
657 1637 754 1693 turpiter
765 1638 820 1694 ipse,

200 1690 340 1747 terpeteius
351 1700 457 1737 summunt
466 1689 577 1733 cumulum
588 1698 731 1733 corraserat:
744 1690 795 1733 olim

201 1741 328 1787 Pisciculus
338 1743 449 1786 reudebnt
459 1755 527 1786 evus:
541 1757 565 1786 re
583 1742 651 1785 nebat
661 1744 683 1785 in
697 1743 750 1786 urbe

132 1797 173 1840 110
200 1795 270 1847 Alter,
281 1794 379 1839 consilia
389 1803 410 1839 et
422 1796 483 1850 regis
495 1756 590 1839 velanda
598 1795 696 1840 tenebat.

199 1849 284 1893 ltulium
296 1849 318 1892 iu
330 1850 416 1912 primis,
427 1847 544 1904 ignobilis,
556 1855 623 1912 etque
633 1848 735 1892 Latinum

199 1903 284 1947 Nomen
295 1916 342 1945 eurr
352 1902 438 1945 invidie
448 1914 575 1944 concussus
587 1914 608 1943 ru
619 1913 683 1943 omen
694 1900 792 1944 habebut

200 1956 325 2006 iciendum,
336 1954 432 2011 fideique
443 1954 506 1996 rudis
517 1952 650 2009 perhibebat
660 1955 682 1995 in
694 1967 762 1997 auras
781 1970 786 1978 ·

201 2009 264 2051 Ferri
274 2007 409 2051 concilium:
422 2007 494 2049 victos
504 2019 544 2048 nec
556 2007 636 2049 cedere
647 2007 729 2062 (ireJ'os

133 2064 173 2106 115
201 2060 305 2105 Pontifici
317 2073 401 2104 nummo
413 2060 512 2102 Romano
520 2061 574 2114 Jure
584 2056 683 2102 volebat.

241 2113 335 2158 Talibus
346 2115 456 2156 adversus
468 2124 550 2167 regem,
562 2119 702 2167 cunctosque
713 2111 817 2154 sedentes

202 2165 323 2209 Clamavit:
345 2167 443 2220 „Megrm
454 2173 489 2208 est
499 2171 544 2213 tun,
557 2177 605 2212 rex.
616 2166 741 2222 snpientia:
753 2171 855 2207 sunctum

203 2219 326 2263 Consilium
337 2221 424 2276 pstriee
434 2219 544 2275 prusiers.
575 2220 602 2260 At
615 2230 656 2260 nos
667 2224 705 2260 tue
715 2229 782 2274 saepe

202 2272 418 2329 Frendevitpiotns:
429 2278 546 2315 etcertum
557 2282 624 2327 saepe
635 2269 742 2326 periclum

133 2327 175 2370 too
202 2324 303 2368 Vidimus
315 2325 398 2380 ignari,
410 2327 489 2367 suncti
498 2324 548 2365 dum
560 2325 637 2366 vivere
648 2323 698 2377 lege

202 2378 297 2429 Niteris,
306 2384 330 2420 et
339 2377 423 2420 Christi
434 2377 526 2419 monitis
538 2382 559 2418 te
570 2377 659 2419 trudere
670 2388 738 2419 cures

202 2429 326 2474 credulus:
338 2431 382 2473 hoc
393 2431 484 2472 mundet
494 2442 587 2524 refluum
597 2442 624 2472 ne
634 2429 714 2471 frende
724 2435 814 2485 petetur

203 2482 243 2526 Vel
253 2483 296 2527 lide
306 2490 419 2526 servetur.
448 2483 508 2545 Deus
534 2494 573 2524 ecc
584 2484 713 2539 quicunque
723 2482 836 2537 gubernet

204 2537 306 2587 Scilicet,
318 2549 343 2578 eo
355 2537 437 2579 Romne
449 2536 508 2579 Petri
553 2537 574 2578 iu
585 2536 637 2578 sede
646 2536 730 2630 'solitus

135 2591 175 2634 tot
204 2589 308 2632 Pontiiiei
317 2596 388 2639 curet,
399 2590 476 2632 renuis
487 2591 506 2631 si
534 2596 609 2632 colere
617 2602 643 2631 co
656 2588 698 2631 lum

204 2643 212 2685 1
230 2656 319 2692 nerum,
332 2649 370 2685 eut
380 2645 471 2685 damnet
481 2643 573 2698 propriu
584 2643 603 2685 si
616 2643 692 2684 virere
702 2640 751 2696 iege

223 2702 272 2738 orte
283 2694 365 2752 plucet.
395 2695 462 2739 soret
472 2695 527 2737 hoec
539 2694 614 2737 stabili
626 2696 739 2738 sententie
749 2693 812 2736 cordi

203 2748 277 2804 Digne
286 2755 311 2790 ut
323 2780 328 2791 .
340 2781 345 2791 .
357 2749 410 2793 lorti
421 2749 496 2805 potius
508 2755 528 2790 tc
539 2748 672 2791 occumbere
684 2747 737 2796 luto,

204 2801 320 2899 311οά800
331 2808 352 2845 tc
361 2801 447 2844 Latium
453 2803 555 2857 Jectotur
565 2801 656 2843 tendere
666 2799 751 2856 polmus

136 2856 177 2897 tto
225 2855 283 2897 renti
295 2853 396 2904 similem,
409 2853 442 2896 vel
453 2855 557 2909 quisquis
569 2866 639 2908 regnu
648 2853 736 2894 rudenti

204 2909 309 2951 Proxime
319 2907 387 2963 longe
398 2913 457 2948 tenet
469 2905 567 2956 Phoebo,
579 2905 613 2948 vel
623 2906 728 2962 quisquis
739 2905 761 2946 iu
773 2911 837 2947 arcto

206 2961 301 3016 Regnat,
313 2961 335 3003 iu
344 2966 464 3003 extremum
474 2959 548 3015 potius
560 2959 649 3001 iortunu
660 2959 719 3000 leret
729 2969 770 3000 nos

204 3013 251 3057 Pnu
268 3015 336 3057 eciem
347 3012 397 3055 duri
425 3011 483 3055 uisci
494 3024 535 3053 nos
544 3010 611 3053 eil'ern
620 3010 698 3053 ilar-trs

204 3028 311 3111 Vendere.
341 3066 398 3122 Quid
409 3025 480 3108 [utils
491 3062 594 3107 lrunrilem
605 3070 626 3106 te
636 3062 757 3106 ostendere
767 3062 851 3106 vultum
