2656 3770
367 318 631 384 Constantinopoleos
644 320 662 369 l.
678 320 726 373 111.

152 495 248 539 Moenia.
278 491 369 549 Templa
380 500 463 537 sonant
472 492 565 551 plausus
576 491 687 557 laetisque
698 491 776 536 uelatis

153 548 261 592 Vocibus.
272 547 337 590 -Ut
347 546 398 589 linis
410 546 549 597 solennibus,
565 547 609 588 alta
620 553 728 603 quierunt

153 601 182 645 Ut
191 601 280 657 templa,
290 601 364 643 accito
375 600 490 651 Venettm,
502 603 540 657 qui
553 600 641 642 nomine
653 601 676 642 in
688 599 742 642 urbe

90 657 128 698 tto
152 655 208 699 lura
218 654 286 697 dabat
298 653 388 696 Venetis
399 653 528 710 praelectus
540 651 641 709 BaJulus,
654 651 714 695 illum

154 708 277 803 Respetit,
289 707 389 770 inportu
398 720 455 763 quae
466 707 564 757 stabant,
574 707 674 762 quinque
685 707 789 769 triremes

155 760 198 804 Pro
229 761 302 803 caetis
313 767 439 803 instructae
448 762 524 811 armis,
537 759 657 815 rebusque,
669 760 771 816 virusque

154 813 246 857 Auxilio
257 813 442 864 remuneremini,
454 821 586 870 portumque
599 813 663 856 tueri.

153 868 241 910 Annuit
252 866 304 910 huic
317 867 422 910 i'enettm
433 867 570 923 praefectus,
582 872 605 909 et
614 865 717 909 omnibus
728 878 772 909 una

91 922 129 963 tto
154 920 217 963 Meus
229 920 320 963 Venetis
331 921 457 977 mansitque
467 920 568 977 placens,
580 932 638 976 quae
649 919 706 962 lacte
717 918 797 963 diebus

154 972 201 1016 lllis
212 973 327 1016 instabant
338 975 456 1029 Grojorum
467 973 579 1016 mercibus
591 973 654 1016 urbe.

154 1027 295 1069 Adversantc
303 1025 439 1082 licetlougis
448 1028 485 1084 qui
514 1033 602 1070 raeerat
612 1025 651 1069 illo

155 1079 264 1137 Tempore
276 1080 374 1136 navigiis
386 1113 481 1123 ......
494 1041 627 1123 guntranus
637 1078 696 1123 altro

156 1134 307 1190 Sempererat
317 1135 387 1176 sociis
399 1165 544 1177 .........
556 1139 651 1175 etatrox

91 1187 130 1229 tto
156 1185 317 1230 Christicolum
328 1186 396 1228 rebus
407 1185 488 1236 hostis,
499 1187 628 1243 minimique
639 1187 725 1228 ruinam

155 1240 242 1283 'lautae
252 1238 314 1281 urbis
325 1238 430 1288 iaciebat,
443 1251 551 1300 opemque
562 1239 659 1293 negabat
669 1238 793 1281 habendam

155 1293 185 1335 lm
195 1293 238 1335 tius
249 1298 297 1333 arte
306 1292 378 1333 omni:
394 1290 463 1333 celeri
474 1292 593 1334 meditatus
604 1291 666 1333 abire

157 1307 217 1388 orie
229 1345 296 1399 iuga:
313 1344 419 1398 civesque
431 1356 492 1393 snos,
505 1344 638 1398 Danaosque
647 1342 740 1399 periclis

157 1397 281 1452 Linquere.
311 1396 355 1438 Sed
367 1395 444 1438 Veneti
457 1396 527 1444 cives,
539 1396 692 1450 Venetumque
702 1397 779 1451 coegit

91 1450 131 1494 tto
158 1449 261 1505 Bajulus,
271 1447 378 1491 auxilium
387 1460 518 1544 quamquam
531 1461 574 1490 nou
583 1449 698 1543 praestitit
707 1447 774 1491 ullum
785 1454 808 1490 et

158 1503 275 1546 Seditione
286 1502 357 1556 magis
369 1501 449 1544 damno
470 1502 502 1544 uit
514 1503 585 1558 impro
604 1514 629 1545 us
640 1508 697 1544 acta.

199 1556 247 1598 Rex
257 1567 300 1611 ope
310 1561 362 1597 tunc
373 1553 448 1598 subita
457 1556 546 1610 gautlet.
578 1552 733 1619 Spes‘proelia
743 1553 826 1597 Teucri

158 1609 206 1653 ltus
223 1615 284 1651 eetat
294 1606 379 1652 melior.
408 1609 492 1659 Muros,
504 1614 526 1651 et
536 1609 622 1651 moenia
634 1609 687 1651 visit

159 1622 295 1719 explorans,
307 1668 428 1717 portusque
438 1675 496 1705 novo
507 1662 600 1704 custode
610 1663 680 1705 teneri

25 1730 28 1733 ·
91 1717 131 1759 770
158 1716 261 1774 Imperat,
272 1722 295 1758 et
304 1721 379 1758 turres
390 1716 461 1758 munit
469 1714 572 1772 telisque,
587 1716 706 1773 minisque.
