2656 3770
411 361 416 370 ¹
430 306 694 371 constantinopoleos
708 310 726 361 l.
741 310 777 362 Π.

238 496 364 564 Maximus
375 522 462 565 interea
473 524 546 566 muudi
559 530 631 579 pater,
642 525 716 568 omniu
726 533 807 581 purant

144 628 152 639 ,
215 582 262 633 cut,
272 582 365 633 coelum,
378 590 459 635 terres,
472 592 589 642 terrasque
600 585 706 627 obeuntis
716 599 797 641 inagna

214 636 318 693 Aequora
329 637 367 693 qui
378 637 439 687 lecit,
451 638 488 694 qui
500 646 563 681 certe
573 645 595 681 et
605 639 695 681 numine
706 646 807 696 torquet:

215 689 277 731 Haud
290 689 349 732 ultre
359 697 394 733 est
404 690 486 733 rabiem
498 705 580 746 passus
590 690 714 748 procedere
725 699 808 735 tautam

174 743 188 783 5
215 741 304 797 Impune
314 743 340 784 ad
352 750 467 799 quaestum
477 756 482 794 ς
494 757 543 786 num
555 746 606 787 dum
618 758 658 786 rex
669 745 783 808 improbus
794 747 853 789 omni

216 795 302 837 Fraude
313 795 383 838 refert
393 796 443 839 tidai
455 798 569 851 mysteria,
584 799 679 854 dumque
691 801 761 841 unreri

214 847 232 889 Α
243 847 331 890 Teucro
342 849 450 893 simulans
460 852 560 906 quaerit3
573 851 675 906 ridetque
687 851 806 906 benignum

215 900 352 952 Pontificem,
362 903 432 945 crudi
442 904 530 959 rapitur
540 903 581 946 sub
593 904 689 946 Tartaru
698 912 775 950 morta.
903 946 915 965 fl

255 954 362 998 Haerasis
372 963 395 998 et
405 956 511 1013 princeps
522 957 612 999 lllurcus
623 958 741 1000 uinuiiests
752 958 857 1015 rependit

160 1008 188 1049 10
215 1006 339 1063 Supplicia,
351 1008 472 1064 exemplum
484 1010 582 1059 cunctis,
593 1023 642 1052 num
654 1011 744 1067 putride
757 1012 822 1055 rivus

215 1060 309 1104 Pectore
318 1069 427 1118 concepta
439 1070 462 1105 ut
472 1063 587 1105 merrdecia
598 1064 688 1106 fuderat
697 1064 749 1106 elim

215 1114 297 1165 Foeda,
309 1114 417 1171 nefasque
428 1128 492 1157 omne
503 1122 560 1158 tetro
571 1124 715 1159 eructaverat
725 1131 775 1167 ore3

214 1166 252 1209 Sic
263 1167 370 1217 moriens,
382 1167 464 1224 quibus
475 1181 516 1210 eru
526 1182 580 1211 suus
592 1169 695 1212 defluxus
707 1172 733 1211 au
746 1184 788 1212 uua

213 1219 305 1262 Ventris
316 1226 366 1261 erat
375 1227 484 1275 corrupte
495 1221 564 1262 vomit
573 1235 613 1283 per
622 1229 701 1277 pectus
713 1222 816 1266 arrirelum

161 1273 187 1313 15
214 1272 301 1321 Mauso,
312 1278 335 1313 et
345 1273 379 1314 sic
389 1271 499 1314 stomachi
511 1280 568 1314 tetro
581 1281 720 1316 tuter-uectus
731 1276 800 1318 cdere
810 1278 864 1329 esti,

215 1323 233 1367 0
244 1337 296 1366 vere
308 1325 445 1366 immemores
456 1326 526 1387 Gfflji‘
539 1339 551 1366 e
563 1327 653 1367 virtutis
664 1326 756 1369 inanes!

215 1377 265 1419 Nou
277 1376 282 1417 i
301 1377 347 1418 itur
357 1375 442 1418 clarum
454 1376 518 1418 vobis
530 1391 570 1440 pro
578 1378 675 1420 crimine
683 1392 775 1434 poenam

214 1389 308 1471 tutando
320 1428 378 1470 hunc
389 1428 496 1471 habuisse
506 1429 560 1481 lurt3
574 1443 617 1472 nou
629 1432 711 1473 terruit
721 1439 743 1473 et
753 1438 773 1474 te

215 1481 364 1524 Constantius
375 1480 434 1536 pulis
444 1495 516 1537 genus
528 1482 571 1525 hec
582 1483 632 1526 dum
644 1484 733 1526 videres
742 1485 839 1528 horrens

163 1535 189 1576 20
217 1535 295 1576 Mortis
308 1535 429 1578 inauditae.
459 1534 543 1579 Christi
556 1536 723 1580 intensissimus
734 1537 807 1581 hostis

214 1586 304 1651 impius,
316 1593 338 1630 et
348 1588 419 1644 pestis
430 1590 512 1639 muudi,
526 1591 630 1644 mysteria
642 1597 721 1633 contra

216 1639 314 1683 Crimine
325 1648 462 1684 continemus
473 1641 532 1694 fidei,
545 1643 594 1685 dum
606 1650 700 1699 perstat,
711 1651 734 1686 et
742 1645 789 1688 scri

217 1693 348 1750 Audacique
359 1695 424 1736 nimis
437 1695 505 1738 rat-bo
516 1696 644 1739 currvcllere
656 1704 729 1740 certat

216 1746 284 1790 Arius
296 1747 388 1790 lundata
399 1748 434 1790 dei
445 1749 578 1792 incommota
589 1751 675 1806 putenti

161 1800 188 1841 05
216 1800 368 1843 Fundamenta
379 1814 452 1852 mauu,
464 1816 533 1845 verae
541 1810 679 1859 sanctaeque
690 1817 731 1859 per
741 1804 816 1848 urbem

215 1851 350 1908 Relligienis
360 1853 433 1902 hians,
446 1854 557 1897 Chri-tum
570 1857 619 1898 itum
631 1863 741 1912 pernegat
751 1858 822 1912 ipsum

215 1906 271 1949 usse
282 1907 353 1956 deum,
365 1907 416 1949 lusa
427 1907 564 1951 effluxerunt
574 1909 663 1950 viscera
674 1916 727 1952 tota.

215 1959 244 2001 ut
254 1972 337 2016 corpus
349 1972 442 2001 vacuum
453 1962 536 2003 mutrsit
546 1960 660 2011 vitalibus,
674 1968 697 2004 ut
706 1963 759 2016 quis

216 2012 331 2055 lniandum
342 2025 413 2068 usque
424 2013 488 2054 imum
500 2021 599 2056 reserata
612 2027 653 2068 per
662 2028 703 2056 ora
714 2015 807 2064 videret,

161 2065 188 2107 8⁰
214 2063 282 2160 guam
293 2072 374 2108 natura
385 2065 446 2107 dedit
456 2079 524 2108 cursu
536 2074 607 2109 tamen
620 2067 704 2109 hauriit
714 2067 794 2110 alvum.

197 2134 200 2139 ’
236 2119 256 2161 ic
268 2125 348 2161 cont-ra
358 2117 462 2161 horribili
474 2132 554 2174 poeria,
565 2120 624 2175 quod
635 2126 762 2175 sumpserat
772 2133 812 2162 erc

215 2170 258 2214 Per
267 2171 395 2228 multosque
405 2172 453 2213 dies
465 2173 547 2214 victum
559 2173 675 2215 revocavit
685 2171 712 2214 ab
724 2170 774 2214 slve

215 2223 356 2281 Corruptum‚
368 2226 496 2279 vomuitque
507 2226 600 2267 animam
612 2231 692 2267 tetrum
704 2225 870 2269 iuterederem.

255 2278 304 2320 Dux
315 2278 425 2320 Teucrum
436 2277 546 2333 extemplo
559 2277 672 2320 intellecto
683 2278 762 2320 sunere
775 2277 850 2334 Regis,

161 2331 188 2372 35
214 2331 283 2373 Mittit
294 2330 320 2373 ad
331 2331 435 2373 exanime
447 2331 585 2386 trepiuantes
595 2332 700 2387 principe
711 2331 819 2382 Graecos,

215 2383 256 2437 Qui
267 2390 352 2439 partem
364 2383 450 2439 imperii
462 2390 542 2439 puscet
552 2383 594 2426 sibi
607 2384 701 2426 trudiar.
730 2383 817 2433 „lieres

213 2437 292 2480 iustus
303 2449 346 2490 ege
357 2449 412 2486 sum,
425 2437 504 2493 iuquit,
518 2440 586 2492 perui
598 2436 631 2479 val
643 2443 706 2492 purte
716 2437 818 2494 parentis

216 2488 287 2532 Filius
299 2496 323 2531 ut
334 2490 394 2544 regis
407 2490 474 2531 vestri
487 2503 534 2532 sum
547 2504 614 2547 saepe
626 2497 727 2541 secutus,
851 2534 853 2539 ,

216 2543 245 2584 lit
254 2549 318 2599 pater
329 2543 377 2598 ipss
388 2542 432 2584 t'uit
441 2542 515 2586 dictus
528 2543 589 2589 mihi,
601 2544 680 2598 sicque
691 2556 781 2585 suerum

161 2596 189 2638 00
216 2595 272 2637 Pers
282 2593 333 2636 mihi
342 2597 395 2650 jure
407 2595 479 2641 ventu
491 2602 574 2639 toutum
585 2609 643 2652 quae
655 2597 756 2652 proxiruu
767 2596 851 2639 uestris

217 2644 321 2703 Navigiis
332 2647 427 2691 hahilem
439 2655 539 2705 praestet
549 2662 618 2706 super
629 2662 727 2705 irequora
738 2662 827 2693 cursum

216 2701 250 2743 lix
261 2701 315 2744 Asia
326 2702 428 2765 Europae
439 2716 524 2744 urerees
535 2702 687 2759 portantibus,
699 2710 752 2758 opto

217 2752 348 2796 Heracleam
357 2755 447 2811 opidum
461 2755 614 2819 Propontidis.
645 2759 671 2798 At
683 2756 726 2798 uisi
739 2756 804 2798 stetur

162 2861 189 2903 ⁴⁵
216 2806 279 2902 30οά
290 2808 374 2864 petitur
383 2807 478 2863 placide,
489 2809 583 2850 discetis
611 2808 648 2850 uid
657 2822 703 2850 meu
715 2808 806 2903 [possint

237 2873 295 2904 rma:
311 2859 441 2903 lacessitum
454 2863 538 2904 trustra
549 2860 602 2914 luge
620 2862 684 2903 itisu
734 2874 802 2903 orror

216 2912 402 2969 Corripuitcires
413 2915 522 2969 trepidos.
553 2911 693 2969 spolientur,
704 2920 726 2955 et
738 2913 822 2956 audent

216 2965 254 3010 Nil
264 2973 347 3017 centra
356 2967 454 3016 verbum,
465 2966 558 3009 trudunt
566 2978 714 3022 quaecuuque
722 2965 840 3020 jubentur.

258 3019 284 3062 ll.
302 3019 405 3063 uatunett
417 3019 503 3062 interea
512 3031 635 3061 successor
645 3018 716 3060 trater
726 3017 820 3061 Achivis

217 3071 378 3116 Constantinus
390 3072 454 3116 adest
464 3073 548 3126 aegris,
559 3071 694 3125 cognomine
704 3071 779 3114 dictus
