2656 3770
436 315 702 379 Constantinopoleos
715 320 733 370 l.
748 320 770 368 1.

141 490 180 531 313
209 489 278 531 Ferre
288 487 332 529 sibi
345 486 450 530 auxilium
462 492 568 531 eontextd
579 488 659 530 frande
672 489 787 545 Pelasgum

208 540 276 584 Urbis
287 553 342 597 opes
354 540 439 583 iraetae
451 541 536 585 rrodeli
548 543 619 584 Mttrte
631 550 764 596 vocasseot3

210 593 315 636 Proditus
327 593 418 636 insidiis
429 608 469 650 pro
478 608 572 650 quornm
585 594 640 637 betta
652 594 724 639 salute

208 640 321 704 Suscipis,
334 648 429 689 adverso
440 648 531 691 sunrtns
543 649 604 704 peris
616 649 689 690 omine
700 650 786 693 Martis.

248 701 295 743 tteu
307 714 360 742 vere
371 701 398 742 im
416 702 464 743 erio
477 701 575 743 Romano
588 701 656 757 digna
667 702 776 757 gerebas3

141 754 180 795 aad
208 752 357 795 Constantina
368 713 426 810 poffils
438 755 481 796 nisi
494 762 515 796 te
527 755 662 805 fraudasset,
674 762 695 797 et
705 755 765 798 hosti

208 804 308 848 Foedera
317 809 441 862 junxisset,
453 821 549 864 proquo
562 816 581 850 te
593 809 618 849 ad
631 807 687 850 betta
700 817 799 860 voearet,

209 858 309 901 Barbara
320 868 341 902 tn
352 868 442 916 poteras
454 860 515 903 soins
527 862 666 904 contundere
678 861 733 904 teia:

159 955 165 958 ,
207 913 236 953 Et
245 925 298 967 pars
310 913 413 970 Europae
424 928 464 971 per
476 922 495 956 te
503 917 548 970 jaim
559 914 639 966 littera,
651 915 713 971 luget

208 965 270 1019 Quae
282 979 340 1009 atine
351 980 430 1022 pressa
438 969 502 1023 jugo,
515 969 601 1010 meritis
612 968 710 1011 obnoxia
723 969 800 1019 tantis,

141 1019 179 1059 333
208 1018 311 1061 Ultimum
325 1020 350 1061 ad
363 1033 433 1077 usqne
444 1022 499 1063 diem
512 1022 585 1063 mnndi
598 1028 635 1063 tna
646 1023 735 1064 nomina
747 1021 805 1064 iaetu

206 1071 322 1123 dodisset,
334 1073 458 1129 famamque
470 1081 527 1116 tuam
539 1087 608 1130 super
619 1082 679 1117 astro
691 1075 788 1118 tulisset.

208 1125 251 1168 Sed
264 1139 311 1167 mea
322 1128 340 1168 si
353 1127 436 1168 inerint
449 1134 510 1169 tanto
521 1127 614 1181 dignata
625 1127 702 1169 labore

207 1179 319 1228 Carmina,
331 1180 381 1220 dunt
390 1181 473 1229 vivent,
486 1178 578 1221 tolietnr
588 1181 614 1234 ad
627 1181 718 1222 aethera
730 1193 808 1223 nomen

208 1230 284 1272 Laude
295 1238 366 1277 tnum;
378 1232 437 1286 qnod
450 1231 509 1273 nulla
522 1245 617 1287 unquam
629 1232 703 1274 delere
715 1232 798 1275 rttirbit

140 1283 180 1324 330
207 1284 326 1338 Temporis
339 1283 458 1345 ingluvies.
489 1285 532 1326 Sed
544 1287 715 1339 m=1j0rcreseet
726 1285 798 1340 imago

209 1337 335 1385 Gestorum,
347 1343 464 1390 pietasque
477 1337 506 1377 tui
519 1338 677 1378 memorabitur
688 1339 776 1390 ingens,

207 1387 348 1443 virtutisque
360 1389 449 1442 insigne
460 1389 537 1438 decus,
549 1390 660 1445 sortisque
671 1390 743 1431 ruina.

248 1440 288 1481 Est
300 1448 337 1482 tna
348 1448 456 1496 perpetuo
468 1441 544 1490 iarios,
557 1448 579 1483 et
590 1441 651 1482 eiara
663 1454 764 1497 propago

209 1491 287 1542 Filius,
300 1492 387 1535 ardenti
399 1495 501 1549 sequitur
511 1495 548 1550 qni
561 1501 625 1549 gesta
637 1495 738 1551 parentis

141 1545 180 1586 335
208 1545 287 1595 Corde,
300 1546 413 1602 refertque
425 1549 496 1603 patris
508 1562 590 1590 nit-mtu-
600 1550 672 1589 omnin
684 1547 783 1598 sedulus,
796 1546 892 1603 adquae

208 1599 324 1641 Gonnixns
336 1600 414 1642 reddet
424 1613 525 1655 magnum
537 1614 577 1657 per
587 1601 677 1643 saeenia
688 1613 767 1642 nomen

210 1653 237 1693 tm
248 1653 328 1707 patris,
341 1660 406 1709 atque
418 1654 461 1696 sui.
491 1654 583 1709 Lortgos
595 1655 633 1696 tini
646 1654 751 1711 praebeat
763 1667 836 1696 atnnos

208 1704 348 1761 i'eiteesque,
359 1719 416 1763 puer
436 1708 506 1754 Dens3
518 1714 540 1749 et
551 1707 640 1750 ieiicius
652 1721 727 1750 aevum

207 1758 289 1801 Transi
308 1772 328 1810 e,
339 1760 378 1802 sed
390 1739 484 1816 reliquis
495 1760 575 1804 similis
589 1762 677 1803 videare
689 1762 784 1816 patenti.

140 1811 178 1852 did
207 1811 266 1854 Haec
279 1772 317 1853 tiffit
330 1820 419 1855 servata
430 1821 465 1855 est
476 1816 579 1857 victoria.
611 1813 677 1856 Clade
690 1813 830 1878 triumphans

207 1864 337 1915 Barbanna,
350 1865 429 1922 spoliis
441 1868 532 1922 dignum
543 1874 664 1923 expectare
691 1874 771 1916 arenti,

207 1918 249 1972 Qui
258 1919 333 1974 Jaeuit
344 1919 424 1967 nudus,
437 1919 646 1975 inrumpendam,
658 1880 728 1961 cerro.

245 1971 274 2012 At
285 1971 359 2013 subito
371 1984 445 2025 regern
457 1971 560 2013 volitavit
572 1973 628 2014 tama
640 1978 776 2027 peremptum

206 2023 331 2066 Pannoniis
345 2024 398 2066 sessi
410 2026 493 2067 eastris
504 2026 541 2080 qni
554 2026 622 2067 caede
633 2026 718 2066 recenti

141 2075 180 2116 343
208 2076 252 2119 Cor
269 2091 308 2119 ora
320 2076 429 2120 curabant
441 2079 544 2119 amissum
556 2077 649 2121 vulnere
660 2077 743 2119 dedent

206 2090 310 2172 bassanu
322 2143 396 2185 regem
408 2130 506 2183 erudeli}
518 2137 540 2172 et
551 2143 610 2173 noue
622 2131 670 2173 iore
682 2131 754 2172 vietos

206 2182 305 2226 Credunt
316 2197 340 2225 se
352 2184 488 2226 immemores
500 2197 567 2226 rneso
578 2185 634 2226 duee
645 2196 717 2239 ttnper
728 2195 803 2224 antara

208 2236 303 2286 Funera,
314 2237 352 2292 qui
364 2238 471 2279 dederant
483 2237 579 2278 infensis
588 2237 700 2286 hostibus,
711 2242 732 2278 et
743 2235 781 2291 qni

207 2288 341 2352 tigminibus
352 2290 462 2332 'teucrum
475 2290 531 2332 tusis
543 2293 569 2331 ad
582 2298 657 2332 eastra
669 2289 772 2330 redibant

139 2344 179 2385 330
206 2340 319 2391 Victores,
331 2341 383 2384 laeti
396 2343 492 2397 inginnt,
506 2355 532 2385 ne
543 2344 625 2385 sentiat
636 2343 718 2386 hostis.

205 2395 344 2445 Noctuinus,
356 2402 377 2437 et
388 2395 470 2437 'teneri
483 2397 605 2437 tromet'arti
618 2395 710 2438 vnlnere
720 2407 852 2451 quamquam

205 2448 305 2491 Auctore
317 2449 402 2498 oeeiso,
415 2454 447 2489 tot
458 2448 527 2491 millia
538 2449 606 2492 missa
617 2449 658 2492 snb
670 2448 767 2500 umbras,

207 2500 261 2544 Dum
273 2514 347 2544 seeum
359 2507 464 2557 repetunt
474 2514 519 2545 uno
530 2503 643 2546 cecidisse
654 2516 744 2545 snorum

206 2554 345 2618 congressu,
357 2567 397 2596 eeu
409 2561 474 2597 noete
485 2554 531 2612 lupi
543 2559 580 2612 qni
593 2556 653 2599 iurta
663 2555 738 2599 silenti

138 2609 177 2651 ³55
205 2608 331 2650 Admittunt
341 2608 403 2650 taciti
415 2610 497 2651 eastris
510 2609 584 2652 obiere
595 2609 689 2653 relietis.

245 2660 321 2704 Lasiai
333 2660 417 2705 nitores
429 2669 526 2705 aetatum
538 2664 624 2705 instare
633 2669 753 2718 sequentes

206 2713 336 2757 Pannonios
348 2717 372 2760 ad
390 2720 451 2778 terga
462 2722 540 2771 potant
551 2717 688 2772 exitiumque
699 2715 799 2757 vicissim

145 2786 150 2793 ·
206 2767 263 2810 Hine
275 2774 296 2809 at
316 2781 341 2809 ne
353 2768 404 2810 inde
416 2775 499 2818 timent,
514 2768 606 2811 redeunt
620 2768 783 2811 transflumine
795 2797 870 2809 .....

205 2820 255 2862 latri
268 2820 294 2863 nd
326 2821 436 2874 annanias
448 2820 520 2862 iraeto
531 2821 596 2864 simul
608 2823 703 2876 agmine.
732 2820 814 2863 Teucri

139 2874 178 2915 330
206 2874 257 2917 Tuti
269 2880 345 2916 eastra
356 2872 433 2915 locant
442 2874 503 2928 ripas
516 2873 601 2915 reioeis
613 2875 639 2915 nd
651 2873 732 2925 iteum

206 2928 235 2969 At
252 2941 278 2970 ue
290 2926 343 2969 hine
355 2924 452 2982 digressi
464 2938 504 2967 sna
514 2927 597 2981 quiquo
609 2926 635 2968 ad
647 2932 705 2968 teotn
716 2929 840 2980 receptant.

235 2940 264 3022 ιζ’.
280 2981 335 3023 'inm
347 2992 401 3020 vero
412 2978 507 3020 insidias
518 2980 601 3033 retegit
608 2980 653 3033 jam
665 2978 749 3034 perlida
760 2976 859 3031 grandes

207 3033 354 3076 Constantina
367 3029 433 3087 nolis,
445 3042 485 3071 neo
497 3029 551 3071 eiam
561 3033 607 3085 jam
618 3031 713 3071 erimina
724 3034 789 3071 enrat

205 3086 262 3129 Esse
273 3100 321 3130 sna.
353 3085 380 3129 Ut
390 3095 479 3127 caesum
491 3083 583 3126 rescivit
595 3084 618 3124 in
628 3082 715 3138 agmine
727 3094 800 3137 regem

852 3136 895 3187 ΙΙ·
