2656 3770
364 290 629 374 domtandnopnloos
642 294 660 344 l.
676 294 722 348 IV.

155 464 290 509 suscitatio
301 477 399 521 pugnam
407 498 413 515 ,
420 470 491 520 atque
502 465 583 509 animis
593 472 616 508 et
626 466 714 511 vitibus
726 466 811 525 inplet.

155 517 202 561 lloc
214 518 299 574 primus
309 518 411 614 Baptista
422 517 485 594 lacit,
497 517 610 575 fontisque
618 518 719 582 ioannes

88 573 127 614 295
154 569 330 627 succeduntque
350 584 393 614 oco
402 572 500 622 desento,
511 578 534 613 et
544 585 642 629 conpone
655 572 705 617 telts

153 624 261 720 lpsnpavidi
272 625 397 680 objectant.
425 624 481 668 lllue
492 633 605 669 sarmenta
611 627 722 682 jubentur

190 679 244 728 ent-i,
255 684 337 720 waiam
348 677 464 729 effodiunt,
477 677 628 735 tumulumque
638 679 680 722 sub
692 692 759 723 auras

153 732 243 786 Aggere
255 738 387 774 constructo
399 731 506 782 educunt,
518 731 659 789 plaustuique
670 732 786 776 vehuntur

153 782 233 839 Longa
245 783 328 833 trabes,
340 784 437 836 tabulae,
447 783 514 828 limus
541 799 660 842 docunque
672 799 765 830 necessu

86 837 126 879 000
153 836 222 879 Urbis
233 838 346 881 maiomam
357 844 501 882 convectant.
550 839 637 896 uincipe
649 841 698 883 viso

152 889 258 931 Gestatim
267 903 292 932 se
302 892 365 947 operi
377 892 508 947 accingunt.
539 892 672 936 Praesentia
682 892 744 948 tegis

152 941 223 998 Urget
232 955 284 985 cos:
301 943 394 1000 Italique
405 951 494 987 monent
506 952 649 989 contemnet-e
660 953 752 989 montem

151 994 196 1038 Pno
206 994 292 1043 lucibus
304 999 397 1052 patrium
409 999 474 1053 peimi
486 1000 634 1043 nantnomia
645 1006 738 1056 captant

151 1048 315 1106 conquassata.
347 1051 712 1096 Petuntaumisclamonecuentes
745 1086 748 1093 .

83 1102 123 1150 000
151 1100 206 1145 Post
210 1105 296 1159 jactum
306 1105 409 1149 tormenti
421 1103 512 1148 hostes:
528 1112 551 1148 et
561 1104 654 1149 vulnere
665 1105 764 1150 turbant.

191 1155 239 1198 ilex
249 1157 299 1198 urbi
311 1155 365 1199 hinc
376 1164 442 1199 atrox
450 1171 547 1200 cerneus
558 1159 644 1201 instare
655 1158 765 1215 periclum

149 1207 179 1250 Et
188 1207 239 1251 belli
252 1221 358 1251 summam
365 1209 413 1252 ‹huc
423 1209 579 1253 illachmettum
591 1212 672 1254 adanae
682 1218 802 1269 caputque,

149 1261 197 1303 Hae
208 1262 307 1303 statione
317 1262 339 1304 le
357 1262 375 1303 it
384 1262 473 1305 Teucro
484 1264 600 1305 contraria
611 1265 686 1307 nitens

150 1313 282 1356 Considera.
313 1315 331 1355 Α
357 1327 432 1356 munos
444 1316 508 1371 ponit
521 1317 618 1358 tentonia
629 1317 675 1359 divi

83 1368 123 1408 010
150 1365 253 1415 nonani,
264 1366 350 1409 medius
361 1368 451 1422 gemina
462 1369 521 1409 intes·
530 1369 625 1411 muenia.
653 1369 735 1423 iungit

150 1418 180 1462 Se
191 1420 286 1470 socium,
295 1420 362 1474 juxta
372 1426 395 1462 et
405 1432 479 1474 negem
490 1422 589 1463 tentonia
599 1420 655 1475 figit,

149 1468 265 1526 Invigilat,
277 1479 401 1528 noctesque
411 1472 459 1514 dies
470 1486 500 1529 ac
510 1472 592 1516 robora
602 1487 665 1517 muno

150 1522 259 1575 (leducat,
268 1531 291 1567 et
301 1532 379 1569 noctes
391 1527 507 1569 insomnes
516 1526 610 1570 ducitin
622 1527 691 1571 annis

148 1577 301 1621 lastinianus.
313 1603 337 1610 —
348 1580 381 1622 llo
392 1580 516 1636 carpebant
525 1580 630 1637 praeside
637 1579 699 1624 multi

82 1631 121 1673 010
150 1631 268 1674 Gca'orum
280 1645 363 1688 segnes
374 1631 455 1675 lentam
466 1647 507 1690 pen
516 1633 615 1676 membra
624 1634 721 1690 quietem

148 1683 253 1728 Molibus
264 1685 286 1727 in
296 1686 383 1737 stratis,
395 1699 421 1729 ac
432 1687 450 1729 si
462 1700 507 1744 pax
516 1686 586 1743 lunga
596 1687 678 1731 luisset

149 1736 280 1781 stertebant
289 1746 377 1783 noctem
389 1746 456 1783 totam
466 1754 471 1793 3
484 1753 525 1783 nec
535 1740 717 1797 p1·oeliamentes

147 1790 282 1846 'langehant
291 1793 389 1843 miseris,
399 1800 513 1849 totumque
523 1801 589 1837 nocte
600 1794 676 1837 Latini

147 1843 239 1887 Stantcs
248 1859 289 1902 pto
301 1847 371 1889 munis
382 1846 515 1890 miscebant.
545 1847 642 1902 dagonis
652 1847 720 1890 ullum

81 1898 120 1938 000
146 1896 197 1940 Non
209 1896 287 1940 hostes
298 1907 379 1941 contre
391 1898 483 1941 tollendi
496 1913 551 1942 cuna
561 1900 672 1942 movebat.
817 1948 826 1955 ,

187 1950 246 2046 lpum
256 1952 322 1993 etiem
334 1952 397 1994 ducis
407 1950 471 1994 italis
481 1964 538 2007 quos
550 1965 626 2008 pugna
635 1951 744 2010 laborque

147 2002 193 2046 Con
212 2004 245 2046 cit
254 2005 368 2054 assiduus,
380 2017 425 2047 non
436 2011 511 2061 potus,
521 2018 566 2048 nun
577 2005 642 2047 cibus
653 2004 712 2048 ullus

146 2054 263 2100 Redditur.
294 2057 357 2100 Haud
368 2058 426 2100 civis
439 2071 548 2100 nummum
559 2058 597 2114 qui
607 2058 746 2113 impenderet
755 2071 823 2102 unum

145 2110 187 2153 list
196 2117 324 2167 conpertus
335 2124 369 2161 ea,
379 2123 512 2168 quamquam
524 2111 648 2153 ditissimus
658 2118 721 2154 esset

79 2165 119 2206 tst
147 2162 297 2219 Tempestate,
308 2177 369 2207 suam
381 2165 476 2220 patriam
487 2177 532 2220 quo
542 2177 571 2207 cx
581 2163 644 2207 clade
654 2171 757 2221 receptet

101 2238 105 2245 ι
147 2215 269 2259 Tamdina.
298 2216 718 2274 Omiseninetautapeniculuvitent

145 2268 237 2312 Divitiis
248 2277 358 2326 parcunt:
375 2283 432 2326 quas
441 2271 490 2313 dum
502 2270 710 2313 se1·teuelabocant

146 2320 244 2365 Solliciti
256 2324 356 2378 produnt
366 2323 371 2365 i
389 2337 436 2373 sos,
447 2325 595 2380 patriamque,
603 2323 727 2389 domosque

145 2374 268 2424 Hostibus;
280 2382 302 2418 et
311 2336 396 2433 praeda
406 2377 488 2419 Teucri
500 2384 523 2419 ut
535 2378 652 2433 potiantur
662 2380 737 2434 opmdl

77 2428 118 2471 000
145 2427 219 2472 Causa
229 2428 280 2472 luit.
290 2452 316 2460 -
327 2428 376 2472 Tali
388 2431 414 2471 ad
426 2443 502 2473 muros
513 2430 636 2473 certamine
646 2431 729 2474 Teucri

145 2480 245 2532 Certant,
257 2481 358 2526 assiduis
368 2483 474 2539 quatiunt
484 2483 533 2526 dum
545 2484 634 2527 moenia
644 2485 715 2536 saxis,

144 2534 284 2591 Exspectata
294 2535 332 2578 diu
342 2536 431 2578 tandem
440 2536 467 2578 de
476 2535 543 2579 litote
554 2538 616 2580 venit

143 2586 329 2644 Hellespontiaco
340 2587 423 2632 elassis
434 2589 508 2633 delata
520 2590 627 2634 secundis

106 2656 109 2663 ⁴
144 2640 254 2684 Flatibus.
285 2643 389 2685 Armatae
401 2643 523 2686 veniebant
533 2657 632 2699 aequora
642 2644 710 2699 nigra

74 2694 116 2736 tet
143 2693 183 2736 Bis
194 2694 265 2737 denae
275 2701 328 2737 anto
339 2694 476 2740 aliaslluctu
486 2703 604 2753 spumante
616 2697 724 2740 titiones.

144 2746 205 2790 Pone
216 2747 361 2791 secantaliae
370 2756 458 2793 eentum
470 2763 529 2792 mare
540 2751 625 2805 remige
635 2764 730 2808 puppes,

142 2799 314 2898 gulaquaginta
326 2800 377 2844 ilias
388 2816 472 2859 parvae
482 2804 626 2846 comitantur.
656 2809 685 2846 At
694 2816 749 2847 eece

160 2855 239 2897 ummis
250 2855 277 2897 de
287 2853 387 2910 speculis
398 2857 505 2899 cnswdes
516 2857 621 2912 protinus
632 2857 703 2899 edunt

140 2907 270 2950 Adventare
280 2914 341 2951 nates
353 2907 448 2952 hostiles
456 2923 548 2965 Jamque
558 2910 699 2965 propinquas

72 2961 114 3004 840
140 2959 224 3005 Alione.
254 2961 383 3018 Dispositae
392 2975 462 3005 naves
473 2963 533 3019 ponti
543 2963 604 3004 ostia
614 2961 723 3005 claudunt

140 3013 262 3068 Turritae;
273 3027 299 3056 ac
311 3013 422 3066 trabibus,
434 3014 496 3058 semo
506 3022 528 3058 et
538 3027 642 3058 connexa
653 3021 734 3058 eatena

141 3066 219 3111 Litore
230 3067 258 3111 ab
268 3075 365 3125 utroque
375 3069 504 3125 ingressum
512 3064 609 3125 religata
619 3074 712 3111 coercet

812 3140 855 3192 v.
